2936 5010
242 391 394 444 mensal
413 391 665 444 fflsromsaun
683 391 795 445 LIBER
813 392 868 446 111.
1096 392 1148 444 10⁶

49 559 177 646 pendere
199 561 268 659 ipse
289 558 414 626 facilius
435 569 555 647 posset,
582 581 624 624 an
644 569 730 626 recte
751 561 779 624 is
808 569 942 646 saperet,
972 561 1028 647 qui
1048 560 1148 647 philo-

4 663 5 666 ’
50 643 168 730 sophari
189 644 366 720 videbatur,
388 652 498 730 utpote
519 645 554 708 in
574 666 612 708 eo
635 643 722 731 quod
743 642 922 708 divinarum
946 655 979 710 et
998 644 1150 709 humana-

5 799 6 804 ,
48 751 107 792 mm
129 728 295 794 scientiam
316 728 492 815 profitetur.
542 729 694 794 Directus
715 729 823 815 itaque
854 738 901 793 est
921 729 1039 793 Remos
1063 728 1149 794 Saxo

49 812 178 897 quidam,
217 813 272 900 qui
304 813 345 877 ad
376 813 456 878 haec
487 813 657 878 videbatur
688 811 831 877 idoneus.
885 813 918 876 Is
952 834 1027 877 cum
1056 813 1149 877 scolis

5 925 7 978 3
48 896 202 962 interesset
224 905 256 962 11
276 906 369 963 caute
391 918 544 982 generum
566 896 737 961 divisiones
758 918 778 960 a
800 894 957 962 Gerberto
979 895 1149 983 dispositas

50 979 109 1044 colli
133 989 209 1064 eret,
231 982 266 1044 in
287 1002 326 1046 ea
345 989 455 1046 tamen
476 981 616 1046 maxime
630 979 796 1062 divisione,
819 1002 901 1067 quae
915 979 1149 1067 philosophiam

48 1003 229 1150 adplenum
252 1065 374 1148 dividit,
395 1063 568 1150 plurimum
591 1063 701 1129 ordine
723 1063 842 1130 abusus
864 1075 922 1130 est.

49 1187 90 1250 56.
128 1186 252 1272 Figura
274 1186 423 1253 Gerberti
474 1184 674 1271 hilosophica
698 1207 757 1271 per
782 1183 947 1251 malivolos
977 1183 1150 1271 depravata

373 1268 414 1334 ab
469 1271 546 1334 trico
569 1269 821 1355 reprehenditur.

8 1365 9 1368 ¹
119 1372 250 1437 Etenim
285 1393 358 1435 curn
388 1371 631 1436 mathematicae
660 1370 783 1457 phisica
808 1393 868 1457 par
907 1381 1002 1458 atque
1032 1393 1151 1436 coaeva

8 1485 9 1488 ¹
49 1454 237 1522 aGerberto
259 1457 365 1543 posita
385 1455 508 1538 fuisset,
536 1455 577 1520 ab
599 1455 661 1519 hoc
682 1455 924 1521 mathematicae
947 1456 1058 1521 eadem
1080 1454 1149 1542 phi-

36 1529 103 1604 1111
132 1550 169 1605 ut
199 1541 310 1625 generi
341 1541 464 1626 species
496 1539 624 1605 subdita
645 1549 701 1604 est.
750 1540 986 1625 Incertumque,
1019 1551 1148 1604 1111111ει

49 1624 194 1689 industria
221 1645 264 1688 an
290 1647 396 1689 errore
423 1624 457 1689 id
484 1623 605 1688 factum
634 1625 683 1688 sit.
734 1623 851 1709 Sicque
881 1646 954 1688 oum
982 1622 1150 1710 multiplici

50 1707 236 1774 diversarum
249 1731 356 1774 rerum
371 1707 593 1774 distributione
609 1707 719 1774 Otrico
734 1707 838 1794 figura
852 1707 956 1773 delata
970 1718 1027 1773 est.
1044 1709 1150 1790 Quam

49 1793 106 1876 ipse
128 1792 370 1878 diligentissime
391 1791 567 1874 revolvens,
590 1791 783 1858 (iserbertum
804 1791 886 1856 male
902 1792 1046 1858 divisisse
1062 1792 1149 1879 apud

4 1914 5 1918 =
50 1898 111 1941 suos
140 1876 407 1958 calumniabatur,
437 1899 475 1941 eo
503 1876 590 1963 quod
612 1876 748 1941 duarum
769 1877 950 1962 aequalium
972 1879 1150 1963 specierum

49 1959 127 2026 alteri
153 1960 284 2026 alteram
315 1962 519 2027 substitutam
540 1970 576 2024 ut
596 1962 705 2048 generi
735 1963 875 2046 speciem
896 1960 999 2048 figure
1020 1962 1150 2027 mentie-

9 2091 10 2094 ,
49 2042 140 2110 batur.
170 2048 219 2109 Ac
245 2069 303 2132 per
328 2045 400 2127 hoc,
421 2044 500 2109 nihil
522 2067 595 2110 eum
625 2045 846 2131 philosophiae
869 2047 1066 2131 percepisse,
1095 2067 1148 2109 au-

50 2127 147 2194 dacter
175 2131 347 2195 astruebat.
396 2127 544 2214 illudque
578 2151 651 2195 eum
672 2131 799 2214 penitus
826 2131 982 2213 ignorare,
1014 2129 1147 2210 dicebat,

49 2214 155 2300 inquo
178 2213 288 2278 divina
310 2223 341 2278 et
361 2213 501 2278 humana
523 2213 707 2294 consistunt,
730 2213 797 2276 sine
820 2213 934 2310 quibus
956 2214 1051 2276 etiam
1070 2211 1149 2276 nulli

51 2297 83 2361 sit
100 2296 398 2384 philosophandum.
442 2295 529 2360 Tulit
549 2297 656 2396 itaque
678 2296 720 2360 ad
742 2295 895 2381 palatium
917 2295 1053 2381 figuram
1076 2318 1148 2360 ean·

50 2379 121 2458 dem,
144 2391 176 2446 et
197 2404 304 2446 coram
320 2381 437 2447 Ottone
456 2390 591 2464 augusto
606 2381 645 2443 ris
661 2380 715 2466 qui
731 2379 938 2464 sapientiores
959 2379 1149 2445 videbantur

49 2485 108 2528 earn
130 2465 312 2552 explicavit.
355 2467 520 2549 Augustus
541 2486 629 2546 vero,
659 2486 733 2528 cum
754 2463 875 2548 etipse
897 2461 1009 2528 talium
1031 2463 1149 2528 studio·

49 2548 180 2614 sissimus
215 2549 399 2630 haberetur,
435 2564 476 2611 an
512 2546 688 2613 Gerbertus
724 2547 884 2628 erraverit,
921 2546 1149 2613 admirabatur.

49 2631 171 2698 Viderat
196 2635 312 2699 etenim
349 2631 437 2697 illum
471 2641 503 2696 et
530 2655 595 2696 non
623 2631 722 2697 semel
750 2631 966 2717 disputantem
994 2631 1147 2698 audierat.

49 2714 131 2782 Unde
163 2729 195 2783 11
220 2718 261 2782 ab
294 2739 332 2782 eo
387 2716 526 2781 redictae
558 2717 660 2802 figure
690 2715 881 2781 solutionem
912 2716 982 2781 fieri
1013 2717 1148 2780 nimium

10 2877 11 2880 Ἴ
51 2800 178 2886 optabat.
221 2801 290 2866 Nec
312 2741 479 2866 11111111
501 2803 637 2866 occasio.

121 2887 170 2951 57.
206 2885 290 2950 Nam
304 2885 505 2950 venerandus
519 2887 693 2950 Remorum
707 2883 970 2970 metropolitanus
984 2883 1147 2952 Adalbcro
1156 2899 1208 2942 ⁹80·

51 2979 112 3051 post
132 2970 269 3035 eundem
290 2992 410 3034 annum
431 2971 567 3034 Romam
598 2991 670 3034 curn
693 2969 848 3035 Gerberto
871 2969 1001 3055 petebat
1029 2993 1066 3034 ac
1096 2969 1148 3034 Ti-

52 3054 122 3116 cini¹
144 3063 317 3141 augustum
337 3075 410 3117 cum
426 3054 536 3120 Otrico
558 3054 708 3140 repperit.
744 3051 776 3116 A
791 3073 854 3138 quo
869 3053 965 3117 etiam
980 3052 1149 3140 magnifice

51 3148 191 3223 exceptus
221 3147 269 3202 est
297 3138 477 3224 ductusque
502 3158 561 3224 per
586 3138 711 3202 Padum
738 3135 838 3201 classe
865 3136 1063 3202 Ravennam.
1106 3139 1150 3204 Et

50 3228 179 3307 tempore
213 3232 369 3308 oportuno
402 3222 602 3308 imperatoris
634 3223 724 3285 iussu
760 3242 870 3284 omnes
903 3223 1061 3319 sapientes
1094 3223 1149 3307 qui

50 3316 252 3372 convenerant
279 3306 364 3370 intra
419 3305 549 3370 alatium
577 3302 700 3369 collecti
726 3315 808 3369 sunt.
863 3303 966 3368 Affurt
986 3305 1149 3390 predictus

49 3390 230 3456 reverendus
252 3329 523 3476 metropolitanus.
559 3389 660 3454 Affuit
682 3398 713 3453 et
726 3387 815 3452 Adso
830 3388 930 3453 abbas
946 3387 1149 3472 Dervensis¹,

51 3474 117 3556 quib
137 3497 209 3539 cum
231 3475 302 3560 ipso
324 3473 568 3560 metropolitano
590 3473 770 3537 advenerat.
809 3471 873 3536 sed
889 3482 920 3536 et
935 3471 1064 3537 Otricus
1079 3495 1149 3558 pre·

50 3570 208 3642 senserat,
237 3561 292 3645 qui
320 3579 403 3622 anno
426 3559 589 3644 superiore
612 3554 761 3622 Gerberti
789 3555 1051 3642 reprehensorem
1079 3579 1148 3622 sese

49 3651 278 3708 monstraverat.
328 3641 488 3708 Numerus
520 3663 583 3728 quo
607 3663 646 3706 ue
673 3640 910 3706 scolasticorum
937 3662 1003 3705 non
1029 3663 1148 3727 parvus

50 3725 247 3809 confluxerat,
270 3726 343 3813 qui*
357 3727 576 3791 imminentem
586 3663 817 3812 (disputationis
838 3722 925 3791 litem
947 3747 1150 3812 summopere

114 3887 136 3954 ⁴)
155 3888 248 3956 quiid
267 3889 403 3955 negotium
423 3889 629 3956 perpenderant.
650 3894 678 3940 et
696 3889 730 3940 ob
749 3889 800 3940 hoc
818 3888 837 3940 i.
859 3890 883 3940 1.

102 4031 122 4084 a)
138 4045 167 4074 an
184 4037 203 4078 1.
264 4031 288 4087 b)
305 4035 345 4084 qui
363 4057 389 4066 -
405 4035 530 4076 advenerat
544 4036 643 4086 tamara.
660 4035 681 4076 2.

10 4190 12 4226 t
117 4165 143 4231 1)
162 4168 224 4219 0111
244 4183 270 4217 a.
291 4166 352 4219 970.
372 4166 436 4219 inde
452 4183 468 4218 a
487 4183 578 4219 mense
597 4167 713 4218 Ianuarii
726 4167 813 4216 Ticini
829 4171 955 4227 moratus,
974 4165 1071 4216 Martio
1084 4165 1149 4216 inde

51 4232 193 4290 Ravennam
214 4241 304 4304 movit,
329 4247 409 4307 atque
435 4242 461 4293 d.
481 4241 524 4292 22.
544 4242 691 4304 Ferrarius,
717 4239 743 4291 d.
769 4239 813 4293 30.
840 4238 958 4290 eiusdem
978 4239 1148 4290 1111111111-

50 4321 143 4362 vennas
162 4313 308 4380 diplomata
327 4313 420 4365 edidit.
439 4315 470 4366 P.
508 4313 563 4366 Sed
581 4314 680 4364 rectius
699 4313 768 4363 haec
786 4313 814 4362 in
831 4313 937 4364 Ottonis
956 4311 992 4363 11.
1018 4316 1149 4380 tempore,

51 4393 72 4430 a.
91 4382 147 4435 980.
167 4386 324 4439 collocanda
343 4403 410 4451 esse,
429 4386 568 4454 Biidinger
586 4404 613 4455 p.
629 4386 674 4437 60.
694 4385 804 4438 monuit.
862 4383 890 4452 2)
904 4385 1148 4438 Moutier·en·Der.
