2938 5016
289 399 443 452 RIOHERI
462 399 715 453 HISTORIARUM
733 399 845 458 LIBER
864 399 902 452 11.
1125 399 1157 449 61

44 577 122 631 bans
138 565 325 653 Sequanam
340 565 475 631 fluvium
489 568 550 633 iter
564 567 695 650 faciens,
718 566 854 630 Baiocas
868 567 1023 652 pervenit.
1053 565 1159 647 Quam
1170 582 1220 625 111.

42 673 211 736 aggressus
232 650 335 714 multa
357 649 521 716 obsidione
544 651 669 737 premit.
707 649 796 716 Inter
816 649 895 714 haec
910 673 930 714 a
944 651 1042 736 regiis
1064 651 1160 736 stipa-

43 733 161 799 toribus
184 735 332 820 persuasi
353 733 552 815 Nortmanni,
574 734 617 798 ad
638 756 748 833 regem
769 733 913 798 redeunt.
956 735 1037 798 Dux
1052 745 1159 800 autern

42 819 232 883 Baiocenses
254 817 400 902 urgebat.
443 819 515 884 Rex
530 818 605 883 duci
620 817 843 882 obsrdionem⁸
865 816 988 883 solvere
1003 840 1061 903 per
1074 817 1160 903 lega-

42 913 85 966 tos
105 903 210 968 iubet.
264 901 322 967 Ille
352 912 458 967 autem
487 912 599 988 utpote
628 902 670 966 ab
699 923 776 986 rege
805 900 915 966 datum
942 901 1081 988 amplius
1104 924 1160 987 op·

42 995 170 1071 pugnat.
207 987 423 1073 Rexquoque
437 988 553 1051 iterum
568 984 708 1067 mandat,
732 984 828 1072 quod,
850 985 911 1049 nisi
926 985 990 1050 cito
1006 985 1159 1068 discedat,
1231 1019 1238 1030 ·

43 1073 163 1135 sesain
187 1093 261 1134 eum
283 1092 356 1134 cum
379 1071 481 1156 copiis
503 1071 630 1134 iturum.
674 1069 753 1132 Dux
774 1069 872 1154 regiis
891 1070 985 1133 iussis
1001 1070 1159 1134 contraire

42 1177 100 1218 non
132 1152 256 1237 valens,
289 1155 330 1220 ab
363 1153 530 1218 obsidione
564 1155 715 1218 coactusb
749 1152 894 1217 discedit.
942 1154 1013 1218 Rex
1045 1151 1159 1217 urbem

43 1248 273 1325 consequenter
307 1239 494 1324 ingreditur.
554 1237 653 1303 Cuius
689 1237 731 1301 ad
763 1259 797 1302 se
834 1237 959 1303 civibus
991 1237 1158 1320 revocatis,

42 1320 184 1387 Ebrocas
212 1323 294 1408 petit
322 1344 360 1386 ac
387 1321 474 1386 nullo
501 1323 667 1386 resistente
696 1320 905 1406 ingreditur1.
954 1320 1022 1385 Nec
1051 1321 1157 1385 minus

43 1415 70 1470 et
89 1405 130 1470 ab
145 1406 387 1472 Ebrocensibus
407 1407 549 1492 acceptis
564 1405 740 1488 obsidibuS,
762 1403 885 1491 reliqua
898 1406 1019 1491 absque
1035 1415 1158 1470 contra-

43 1489 179 1556 dictione
201 1488 346 1555 obtinuit.
1170 1501 1222 1544 ⁹4⁵·

195 1610 246 1674 43.
279 1611 359 1674 Dux
385 1633 459 1674 suos
481 1613 534 1674 inc
555 1609 640 1694 regis
662 1609 830 1672 iniuriamc
851 1607 1004 1673 hortatur.

121 1713 204 1777 Dux
225 1712 312 1797 apud
333 1734 407 1776 suos
428 1712 510 1776 hanc
530 1711 681 1775 iniuriam
711 1710 876 1796 sepissime
898 1731 1088 1793 memorans,
1117 1711 1158 1776 de

44 1798 124 1881 regis
180 1797 297 1862 ernicie
324 1796 556 1882 pertractabat;
591 1793 718 1860 *fideles
745 1805 777 1859 et
804 1795 925 1858 amicos
952 1793 1093 1878 hortans,
1123 1805 1280 1862 ut·r01.ar.

45 1880 99 1944 hoc
128 1821 234 1945 ullum
262 1880 303 1942 iri
331 1878 517 1945 accelerent.
567 1878 664 1960 Quod
691 1880 787 1944 otiam
816 1877 923 1943 multis
951 1879 1158 1964 querimoniis

46 1963 252 2050 amplificans,
276 1985 350 2027 suos
371 1965 405 2026 in
419 1986 529 2049 regem
544 1972 708 2049 provocat.
745 1962 929 2027 Bernardus
943 1963 989 2027 ita
1013 1986 1053 2028 ue
1069 1962 1158 2028 Silla-

45 2049 158 2112 tensis²
174 2057 271 2134 atque
286 2045 484 2112 Teutboldus
500 2047 679 2112 turonicus
694 2047 901 2132 conquerenti
917 1985 1158 2129 satislacientes,

45 2132 271 2196 Montiniacum
293 2133 378 2213 regis
401 2131 556 2218 oppidum
578 2133 612 2194 in
632 2132 710 2216 ipsis
738 2129 877 2216 paschae
905 2129 1018 2196 diebus
1047 2153 1159 2216 perva-

46 2214 159 2299 dentes,
197 2217 328 2302 capiunt
364 2215 568 2302 diruuntque.
623 2214 859 2300 Compendium
893 2236 1019 2299 quoque
1051 2215 1159 2298 regiae

46 2299 122 2364 sedis
144 2299 253 2363 aulam
274 2300 432 2385 repentini
454 2307 621 2386 penetrant
642 2320 680 2362 ac
703 2319 848 2384 quaeque
870 2297 990 2381 regalia
1021 2297 1160 2381 insignia

45 2381 226 2469 diripientes
256 2394 430 2469 asportant.
481 2384 548 2449 Nec
575 2381 674 2446 multo
706 2390 780 2468 post
805 2389 837 2444 et
862 2381 948 2444 idern
977 2379 1159 2444 Bernardus

45 2469 122 2614 rqgiis
145 2476 314 2533 venatores
342 2489 500 2553 canesque
528 2468 658 2553 capiens
667 2469 691 2548 ¹³,
721 2487 794 2529 cum
821 2465 912 2550 equis
933 2486 972 2528 ac
993 2461 1160 2528 venabulis

47 2571 63 2610 a
105 2553 188 2616 uxit.

165 2674 218 2736 44.
250 2672 322 2735 Rex
343 2673 476 2736 urbemd
497 2671 670 2736 Remorum
694 2669 879 2734 obsidioned
901 2670 1045 2754 premitl.

123 2774 196 2838 Rex
225 2772 386 2838 Rhodomi
418 2771 494 2838 talia
527 2793 599 2836 com
624 2773 736 2853 eriens,
769 2772 1040 2835 Nortmannorum
1070 2793 1160 2835 exer-

48 2856 140 2920 citum
165 2855 287 2941 colligit
308 2858 482 2942 copiosum,
505 2877 543 2919 ac
565 2795 708 2936 collecto,
731 2854 824 2937 redit,
847 2877 968 2941 pagum
985 2856 1161 2920 Veroman·

48 2937 173 3006 densem
195 2943 229 3004 in
269 2941 378 3006 ediens
431 2943 598 3027 enitusque
627 2940 710 3026 depo
735 2937 837 3004 ulans.
887 2941 1010 3004 Accitis
1032 2960 1160 3026 quoque

48 3024 209 3106 Amnlfo³,
262 3024 375 3107 rluino,
398 2965 563 3090 Remardo
585 3022 658 3106 alio,
688 2961 888 3088 Tleoderieo
915 3020 1095 3106 comitibus,
1126 3025 1161 3087 in

48 3105 152 3174 urbem
183 3110 358 3174 Remorum
385 3109 494 3174 fertur.
544 3107 691 3194 Eamque
722 3106 770 3172 dis
796 3108 877 3173 osita
909 3109 1160 3194 circumquaque

50 3191 210 3258 obsidione
232 3193 342 3278 cingit,
370 3215 421 3266 eo,
437 3191 524 3279 quod
545 3191 662 3277 Hugo⁰
692 3131 836 3256 eiusdem
866 3191 955 3256 urbis
979 3193 1160 3290 episcopus,

50 3276 118 3358 quia
139 3277 233 3340 ducis
254 3277 398 3363 partibus
419 3276 558 3356 favebat,
579 3276 648 3360 regi
667 3276 845 3362 ingressum
859 3276 1007 3358 negabat.
1050 3275 1160 3338 Primo

49 3379 79 3420 er
101 3381 118 3424 ο
139 3363 264 3446 impetu
285 3361 426 3446 graviter
454 3361 641 3424 dimicatum
670 3369 727 3424 est.
769 3358 853 3422 Nam
883 3357 1055 3444 sagittariis
1084 3356 1160 3420 hinc

49 3381 116 3507 inde
138 3444 312 3532 dispositis,
335 3445 391 3531 qui
411 3445 445 3507 in
466 3465 558 3507 muro
573 3443 764 3508 resistebant
777 3439 950 3506 missilibus
966 3441 1159 3506 sauciantur.

50 3524 169 3605 Quibus
202 3530 326 3610 amotis,
358 3527 412 3592 alii
443 3529 555 3592 intacti
586 3527 771 3610 succedunt,
803 3527 890 3590 vices
916 3547 1044 3611 pugnae
1072 3526 1106 3588 in
1129 3546 1160 3589 e·

49 3621 157 3677 rentes.
202 3612 267 3677 Sed
289 3623 321 3678 et
342 3621 433 3677 extra
454 3610 524 3678 telis
546 3633 584 3674 ac
606 3610 767 3696 lapidibus
795 3610 898 3692 iactis,
927 3607 1071 3674 nonnulli
1092 3631 1112 3673 a
1149 3649 1160 3659 ·

51 3693 171 3762 ciuntur
191 3696 383 3782 ceduntque.
428 3694 513 3781 Sepe
534 3695 688 3760 tumultus
709 3703 907 3780 reparantur,
930 3715 1006 3781 sepe
1027 3693 1070 3758 ad
1089 3714 1161 3780 por-

50 3784 102 3861 tas,
125 3803 201 3866 sepe
222 3779 265 3844 ad
286 3801 414 3843 murum
436 3781 613 3844 comminus
635 3779 809 3864 congressi.
857 3778 976 3843 Animo
999 3779 1162 3864 utrimque

51 3858 175 3947 feroces,
197 3863 285 3929 nullo
307 3864 403 3929 modo
427 3863 540 3928 cedere
560 3872 691 3950 parant,
713 3884 890 3948 numquam
912 3860 974 3926 sibi
995 3883 1098 3948 usque
1120 3860 1162 3925 ad

51 3943 288 4014 internetionem
321 3947 451 4046 cessuri,
483 3947 544 4011 nisi
575 3946 840 4012 intercedentium
872 3944 1162 4032 supplicationibus

53 4026 169 4098 obsidio
192 4031 297 4098 soluta
317 4032 524 4098 discessrsset.

107 4165 401 4218 metamaucensem
416 4165 492 4206 11111.
552 4161 576 4215 b)
592 4168 641 4213 pore
656 4163 706 4204 add.
767 4159 788 4213 o)
804 4161 820 4212 1,
836 4161 845 4200 1
861 4161 918 4200 abac.
987 4157 1010 4210 11)
1027 4158 1088 4209 bam,
1104 4156 1162 4210 obst,

5 4223 6 4260 1
54 4222 70 4260 11
82 4225 137 4266 abac.
195 4225 218 4280 e)
235 4225 263 4266 ab
279 4225 377 4274 fingens
394 4245 420 4255 -
439 4224 549 4274 episcopo
565 4243 591 4254 -
608 4223 725 4272 ingressas
742 4220 872 4269 negabatur
887 4221 907 4258 1.

125 4323 150 4386 1)
168 4323 229 4373 Hoc
249 4321 379 4372 Richerus
399 4319 515 4370 addidit.
591 4315 621 4382 2)
640 4319 658 4368 1.
674 4333 697 4368 e.
711 4315 930 4369 silvanectensis.
1005 4309 1035 4378 3)
1049 4309 1163 4363 &laiac

5 4461 6 4464 Ἴ
55 4409 107 4442 cum
124 4403 200 4460 porte
219 4392 329 4445 militum
348 4391 455 4460 Araulfi
474 4390 553 4444 Flod.
