2938 5016
308 359 340 406 16
564 356 715 408 ieiunum
735 356 988 410 HISTORIARUM
1007 359 1120 411 LIBER
1138 359 1161 410 1.

240 540 290 584 02⁰.
301 523 462 590 dilabitur.
506 524 570 606 Qui
591 545 666 588 vcro
688 532 906 590 remanserant
920 525 1007 608 victi,
1028 527 1128 613 portis
1149 549 1228 592 mox
1243 527 1413 614 patefactis,
1462 501 1466 596 Ξς

300 606 543 694 metropolitano
566 607 694 693 cedunt.
738 608 858 696 Eisque
881 609 1006 690 eiectis,
1034 631 1108 675 suos
1130 612 1176 676 ibi
1198 612 1349 698 deposuit
1381 633 1413 676 sc
1465 645 1466 680 r

299 693 339 758 dc
363 700 427 758 toto
450 715 534 780 pago
556 690 764 757 Erlebaldum
784 691 956 778 profugum
979 693 1181 761 disturbavit.

338 836 388 900 20.
431 833 483 900 Ad
504 833 653 898 Renumi
674 839 785 896 mutua
811 831 945 931 petitio⁸
966 854 1005 898 ac
1027 833 1173 898 comitisi
1194 832 1379 900 Erlebaldia
1461 843 1466 930 J

796 937 924 982 oecrsro.

382 1023 453 1086 Rex
474 1022 508 1085 in
529 1041 649 1106 pagum
664 1017 935 1101 warmacensem,
956 1017 1121 1084 locuturus
1135 1020 1290 1085 Heinrico
1305 1021 1413 1086 Trans·
1461 1019 1466 1084 l

298 1106 460 1188 rhenensi,
491 1111 721 1169 concesserat1.
765 1102 838 1166 Huc
870 1125 933 1189 quo
957 1125 998 1170 ue
1018 1102 1209 1170 Erlebaldus
1239 1126 1347 1170 comes
1367 1104 1413 1168 ad·

299 1192 396 1273 venit,
418 1187 506 1274 apud
527 1203 637 1272 regem
658 1185 929 1271 deploraturus‚a
981 1187 1156 1254 amansium
1178 1188 1413 1274 metropolitano
1461 1213 1462 1216 ¹

300 1298 368 1341 sese
390 1273 571 1338 immaniter
592 1268 746 1336 habitum.
789 1270 961 1336 Heinricus
992 1293 1013 1336 a
1036 1272 1080 1337 ud
1101 1295 1210 1359 regem
1231 1273 1292 1338 de*¹
1315 1294 1413 1338 rerum
1461 1346 1466 1350 „

299 1356 561 1446 dispositionibus
576 1353 759 1420 fidelissime
774 1364 843 1418 sata
866 1354 949 1420 ebat.
1022 1357 1055 1420 ui
1076 1355 1123 1421 rei
1145 1379 1219 1422 cum
1247 1357 1414 1422 admodum
1461 1393 1466 1446 ι

299 1443 492 1525 intenderet,
526 1443 759 1506 Germanorum
789 1437 820 1504 G
864 1460 1020 1527 urumque
1053 1440 1184 1506 iuvenes
1216 1440 1413 1526 linguarumb
1461 1451 1466 1509 ἶ,

299 1527 474 1592 idiomateb
498 1524 619 1602 offensi,
641 1534 808 1590 uteorum
830 1545 900 1588 mos
923 1533 980 1608 est,
1003 1545 1076 1589 cum
1098 1523 1199 1589 multa
1220 1526 1413 1590 animositate
1461 1529 1466 1604 i

300 1610 477 1676 maledictis
511 1632 579 1674 sese
611 1607 781 1672 lacessirc⁰
810 1616 992 1693 coeperunt.
1053 1608 1264 1695 Consertiquc
1297 1609 1413 1696 gladios
1461 1617 1466 1667 ²1

302 1705 446 1776 exerunt,
468 1715 506 1758 ac
528 1693 583 1758 scd
606 1691 722 1773 adorsi,
743 1689 900 1758 loetaliter
921 1693 1074 1759 sauciant.
1122 1694 1161 1757 In
1183 1713 1247 1779 quo
1275 1691 1415 1773 tumultu,
1457 1693 1466 1774 ᾗ.

302 1800 375 1842 cum
397 1779 438 1843 ad
458 1777 546 1842 litem
569 1774 743 1840 sedandam
758 1773 947 1842 Erlebaldus
963 1798 1070 1842 eomes
1086 1777 1262 1859 accederet,
1284 1800 1306 1842 a
1320 1777 1416 1842 furer·
1458 1780 1466 1862 j}

302 1863 386 1928 tibus
409 1862 534 1926 occisus
557 1869 614 1925 est.
656 1860 728 1926 Rex
750 1858 965 1945 proditionem
986 1870 1084 1943 ratus,
1108 1862 1196 1926 ocius
1219 1863 1323 1948 surgit
1345 1861 1415 1925 suis·
1458 1862 1466 1934 ἓ

303 1967 365 2032 que
395 1946 539 2031 stipatur.
588 1943 760 2008 Heinricus
790 1966 866 2009 vero
899 1943 1049 2009 dolum**
1084 1945 1258 2028 arbitrans,
1289 1945 1415 2010 classem

301 2031 416 2116 repetit
432 2038 528 2115 atque
544 2050 563 2091 a
577 2029 674 2113 regiis
689 2026 897 2113 stipatoribus
911 2028 1058 2094 Rhenum
1079 2031 1214 2095 transire
1236 2031 1363 2116 cogitur
1370 2029 1415 2090 ***·
1460 2035 1466 2112 ᾗ

302 2114 559 2180 Existimabame
582 2113 667 2177 enim
689 2111 741 2175 hie
764 2113 820 2198 qui
845 2113 914 2238 regi
936 2113 1165 2194 assistebant0,
1198 2135 1272 2176 eum
1293 2114 1329 2177 in
1351 2112 1414 2177 dolo
1458 2147 1466 2198 32

301 2200 436 2265 venisse.
479 2195 597 2284 Aquo
619 2197 713 2262 etiam
736 2205 879 2283 tempore
919 2195 1039 2261 Karolo
1061 2197 1192 2262 infestus
1214 2197 1385 2263 ferebatur.
1461 2233 1462 2286 3

194 2355 231 2410 ἰ.
244 2340 369 2404 surm.
413 2339 645 2404 Desertorums
674 2335 785 2402 dolosa
806 2337 897 2422 regie
918 2335 1039 2402 Karolo
1066 2337 1231 2424 persuasio
1253 2336 1294 2402 de
1316 2337 1415 2421 Haga·
1461 2323 1466 2384 s

701 2423 816 2486 nonis&
837 2419 1024 2486 abiectione.

386 2525 472 2588 Hine
504 2526 611 2609 itaque
644 2523 812 2605 Heinrico‚
855 2522 930 2588 inde
963 2523 1116 2588 Rotberto
1153 2522 1233 2588 duce
1261 2521 1414 2588 Karolush
1465 2569 1466 2604 3

303 2607 486 2691 urgebatur.
529 2607 713 2692 Factusque
728 2629 838 2673 eorum
855 2605 990 2690 medius,
1012 2608 1173 2694 utrimque
1187 2607 1389 2693 premebatur
1397 2615 1415 2665 ¹.
1465 2659 1466 2668 ,

305 2692 383 2755 Post
408 2691 487 2757 haec
520 2690 562 2754 ad
589 2691 741 2756 interiora
769 2689 920 2776 Belgicae
947 2691 1091 2774 rediens,
1120 2691 1199 2756 urbe
1231 2690 1415 2756 Suessonica
1463 2739 1466 2779 ἵ.

306 2797 374 2838 sese
401 2775 530 2861 recipit,
564 2774 697 2839 multam
726 2775 782 2839 exi
811 2773 995 2840 huiusmodi
1021 2774 1193 2841 infortunio
1231 2775 1319 2860 apud
1348 2793 1415 2840 suos
1461 2790 1466 2858 i

305 2858 762 3008 iiiitiiuiiriimcuiiii
784 2857 1328 3009 irrestauratae
1350 2880 1415 3008 ⁰s⁰e¹i
1464 2921 1466 2928 ’

307 3037 338 3093 et
359 2966 530 3092 Rotberius
553 3027 621 3091 dux
642 2966 852 3175 propinpldior
873 2966 992 3111 dactus,
1021 3027 1181 3113 stampis³
1214 3050 1283 3093 sese
1299 2991 1416 3112 'recipit

307 3110 408 3175 acad
435 3111 588 3198 palatium
610 3110 732 3196 legatos
784 3111 886 3196 irigit,
913 3110 1033 3198 regalia
1053 3113 1182 3198 negotia
1207 3111 1282 3177 inde
1312 3131 1416 3198 exper-

381 3271 402 3342 ')
424 3275 456 3327 de
477 3277 600 3327 amicicia
619 3277 690 3326 inter
709 3292 738 3329 se
758 3275 884 3328 habenda
897 3278 1038 3344 plurimum
1052 3275 1202 3342 satagebat.
1236 3275 1287 3327 Oui
1303 3277 1341 3327 rei
1361 3289 1414 3326 oum

426 3355 537 3416 uterque
556 3350 627 3400 adm.
647 3351 665 3400 i.
688 3349 717 3415 13
737 3367 805 3402 corr.
826 3350 851 3402 2.

367 3421 404 3488 **)
424 3440 511 3475 rerum
530 3425 637 3476 nescius
658 3422 691 3474 cl.
713 3425 741 3488 13
762 3441 828 3476 corr.
850 3424 875 3474 2.

356 3494 405 3563 ***)
426 3499 485 3559 Qua
505 3496 548 3619 gip
569 3496 641 3619 ilrihip
656 3497 825 3620 porpcordiac,
846 3496 912 3548 nihil
932 3497 1115 3547 amiciciarum
1137 3496 1206 3546 inter
1230 3510 1276 3547 eos
1302 3495 1413 3545 habiturn

428 3575 468 3620 est
488 3586 551 3618 a.
595 3587 601 3632 ;
642 3586 674 3622 e.
715 3611 720 3622 .

368 3694 390 3743 a)
408 3694 443 3734 Ad
459 3695 486 3746 R,
503 3707 525 3748 p,
541 3696 571 3736 tls
587 3697 606 3736 Ε
622 3696 678 3738 abac.
739 3695 763 3748 b)
780 3697 795 3739 1.
812 3698 828 3740 i.
845 3708 865 3739 o.
882 3698 906 3737 in
921 3708 1002 3747 maroa
1033 3697 1091 3748 ung,
1107 3707 1145 3736 me
1160 3695 1232 3748 chem
1258 3699 1290 3748 ut,
1307 3706 1326 3740 e.
1341 3705 1371 3734 m.
1387 3695 1416 3733 est

308 3757 352 3794 iam
367 3758 432 3794 autea
447 3755 497 3795 add.
559 3754 580 3806 c)
596 3756 709 3805 impetere
725 3759 746 3798 1.
769 3757 794 3797 0.
811 3757 842 3805 gl.
864 3767 901 3798 cx.
919 3757 931 3796 t
955 3757 979 3795 iu
994 3757 1040 3796 loeo
1055 3767 1116 3796 roeo.
1190 3754 1213 3807 d)
1230 3766 1255 3796 se
1275 3760 1349 3805 posteo
1364 3752 1415 3797 aust

305 3812 481 3863 perelectus.
528 3811 549 3864 a)
566 3815 610 3857 Ex.
621 3815 768 3856 -venisset
784 3815 808 3855 ia
820 3827 904 3866 marom
920 3815 983 3866 lixis,
999 3815 1030 3866 hi,
1046 3815 1103 3856 bant
1117 3815 1173 3856 obeo.
1234 3812 1304 3866 osb
1320 3824 1346 3854 eo
1367 3821 1416 3862 quo·

309 3883 352 3922 qua
375 3876 392 3912 t.
413 3871 536 3912 Heinricus
559 3874 587 3914 K.
604 3875 629 3924 13
659 3885 716 3916 corr.
733 3875 754 3916 2.
816 3873 838 3926 g)
853 3876 922 3926 Dese,
942 3874 1161 3926 metusmetus.
1220 3871 1245 3924 h)
1261 3874 1290 3914 K.
1307 3875 1356 3923 poet
1370 3870 1414 3910 add.

308 3931 325 3983 i)
342 3943 356 3972 a
371 3940 475 3973 tormer.

384 4047 411 4116 1)
433 4048 474 4100 Oi.
493 4047 639 4099 rlodoard.
666 4049 685 4100 l.
704 4047 731 4116 1.,
762 4049 807 4113 qui
837 4047 870 4098 dc
898 4047 970 4099 bello
997 4051 1089 4099 contra
1113 4047 1270 4097 Heinricunr
1300 4047 1414 4109 suscepto

308 4125 434 4189 loquitur.
472 4121 558 4187 Igitur
577 4137 645 4188 quae
665 4121 710 4172 hia
729 4127 868 4172 narrantur
892 4121 1015 4173 fabulosa
1034 4135 1093 4172 esse
1113 4125 1195 4186 patet.
1271 4119 1300 4186 a)
1320 4115 1415 4171 Similis

308 4199 335 4246 in
354 4196 414 4248 loco
434 4201 496 4264 post
516 4195 604 4246 deleto
624 4193 660 4262 (c.
681 4195 716 4246 40
736 4196 774 4259 n.)
799 4194 833 4244 de
860 4193 1012 4246 Gislsberto
1037 4199 1063 4246 et
1086 4193 1203 4245 Roberto
1223 4194 1322 4259 scripta
1340 4192 1414 4241 erant

309 4271 383 4331 Quae
397 4269 450 4321 alio
465 4274 612 4320 atramento
626 4271 654 4319 in
669 4269 723 4320 alia
737 4269 829 4319 charta
842 4273 951 4320 exarata
963 4269 1057 4335 prioris
1071 4267 1229 4319 narrationis
1247 4266 1413 4332 fragmentum

310 4358 376 4406 esse,
393 4343 563 4395 statuendum
584 4350 631 4398 est.
706 4341 736 4410 3)
755 4342 892 4409 Etampes.
