2936 5010
297 377 348 428 142
534 373 687 428 RIGHERI
706 371 958 426 HISTORIARUM
977 373 1090 426 LIBER
1107 373 1176 427 1111.

234 571 284 615 aso.
490 542 541 608 30.
583 541 789 608 Ε1111111111111ι
810 563 907 607 causa
927 541 1114 628 perditionis
1135 541 1219 607 dats.

380 642 477 726 Quod
498 665 570 708 cum
591 645 661 730 regi
682 645 808 731 penitus
835 643 1003 728 sufficeret,
1032 645 1192 744 episcopis
1213 653 1325 724 tamen,
1342 643 1407 706 utb

296 728 396 794 fertur
404 730 429 812 ¹³,
449 749 514 792 non
535 729 612 794 satis
633 729 667 793 id
687 730 793 794 visum
814 737 872 812 est,
900 729 986 793 11111ο
1007 727 1084 794 illud
1107 737 1203 793 etiam
1224 726 1403 800 adderetur,

298 821 333 878 ut
353 812 387 876 in
409 813 577 876 missarum
608 810 818 878 celebratione
847 811 1054 878 eukaristiam
1084 833 1104 876 a
1122 810 1285 878 sacerdote
1305 832 1407 874 sume-

296 907 345 962 ret
359 897 513 982 earnque‘¹
527 897 714 981 perditionis
731 915 861 961 causam
878 895 939 962 sibi
949 897 982 962 in
1006 897 1144 962 recando
1157 917 1292 961 coramo
1315 903 1407 975 taret,

297 981 324 1044 si
345 979 442 1045 fidem
463 978 613 1044 violando
635 1001 787 1079 umquam
809 979 951 1046 desertor
977 919 1076 1047 deret.
1120 979 1215 1062 Quod
1238 990 1269 1045 et
1288 917 1407 1043 lictum

296 1063 365 1129 fuit.
412 1062 495 1128 Nam
525 1063 672 1128 sacerdos
694 1074 776 1129 mter
802 1064 1026 1130 celebrandurn
1055 1064 1260 1130 eukaristiam
1287 1061 1409 1162 optulit,

298 1149 354 1213 eth
376 1147 428 1212 ille
456 1157 685 1234 consequenter
698 1149 841 1234 sumpsit
866 1157 980 1235 1111111ο
1007 1149 1049 1214 ad
1078 1149 1226 1214 iuditium
1254 1145 1312 1211 sibr
1338 1145 1410 1210 fieri

298 1232 430 1319 optavit,
453 1232 481 1296 si
501 1230 564 1295 ullo
586 1232 682 1296 modo
703 1231 779 1296 fidei
800 1230 934 1298 violator
955 1233 1129 1298 exsisteret.
1167 1232 1264 1313 Quod
1281 1230 1408 1296 tandem

298 1317 367 1402 regi
388 1326 419 1382 et
440 1315 629 1402 primatibus
651 1314 746 1380 fidem
768 1315 852 1381 fecit.

600 1437 650 1500 31.
692 1435 908 1522 Reprehensio
930 1437 970 1502 de
992 1435 1113 1502 codem.

383 1537 550 1604 Nonnullis
572 1547 687 1622 tamen,
706 1561 842 1626 quorum
857 1562 945 1604 mens
960 1540 1125 1638 purgatior
1139 1547 1220 1621 erat,
1242 1535 1411 1604 nefariumf

184 1633 221 1691 ’1
239 1633 331 1689 11111
352 1631 463 1688 contra
485 1621 560 1687 fidei
580 1624 630 1687 ius
652 1622 704 1688 *id
726 1622 880 1688 creditum
902 1633 959 1688 est.
995 1621 1163 1688 Erusmodi
1184 1623 1269 1687 enim
1283 1631 1411 1686 naturae

299 1705 460 1771 hominem
482 1729 552 1772 esse
574 1707 711 1790 aiebant,
732 1717 768 1773 ut
788 1705 901 1772 facileh
924 1729 982 1794 per
1003 1728 1072 1772 sese
1087 1717 1307 1792 corrumpatur
1319 1705 1352 1768 in
1367 1725 1410 1784 se,

300 1789 436 1876 amplius
468 1813 544 1856 vero
573 1793 606 1854 in
629 1789 806 1855 ulsionibus
833 1791 875 1856 ad
902 1789 1059 1876 flagitium
1090 1791 1287 1856 extrinsecus
1317 1809 1411 1875 posse

300 1873 449 1960 pertrahi.
493 1813 688 1940 Asserebant
703 1897 765 1960 quo
789 1898 829 1940 ue
844 1897 885 1940 ex
900 1873 1035 1940 decretis
1049 1883 1175 1974 patrum
1191 1883 1245 1940 ets
1258 1893 1410 1938 canonum

300 1957 438 2042 scriptis,
468 1980 571 2044 neque
599 1959 733 2024 invitum
755 1897 796 2023 dd
824 1959 1023 2024 eucaristiam
1050 1957 1286 2044 1mpellendum,
1311 1976 1411 2042 neque

301 2040 503 2106 eucaristiam
524 2043 710 2128 perditionis
733 2063 830 2108 causa
858 2043 909 2108 cui
933 2065 1007 2106 uam
1035 2042 1237 2126 offerendam,
1267 2064 1337 2107 cum
1364 2061 1410 2104 re-

301 2123 493 2212 demptionis
537 2127 617 2192 ratia
639 2136 670 2192 et
687 2125 868 2213 petentibus
890 2065 1084 2193 oderendam
1113 2136 1145 2192 et
1168 2127 1276 2192 invitis
1297 2145 1409 2210 negan-

301 2209 375 2276 dam
398 2149 591 2276 credendum
613 2212 662 2276 sit.
706 2211 876 2298 Indignum
904 2211 1000 2277 etiam
1020 2209 1133 2294 videri,
1153 2212 1291 2311 paneml
1318 2228 1410 2292 ange·

300 2291 404 2359 lorum
426 2305 458 2359 et
479 2294 643 2360 hominum
665 2304 783 2360 temere
804 2294 944 2382 indignis
966 2294 1045 2379 dari,
1067 2317 1139 2359 cum
1160 2318 1232 2382 rpsa
1256 2293 1410 2359 Divinitas

301 2385 333 2443 et
354 2379 524 2444 inmundos
545 2379 714 2445 abhorreat
736 2387 767 2444 et
787 2401 885 2466 puros
907 2380 988 2442 mira
1008 2379 1163 2465 parcitate
1188 2379 1303 2462 foveat,
1323 2379 1410 2441 iuxta

157 2491 211 2546 ⁵¹¹³·
230 2496 251 2548 ¹’
268 2461 1409 2614 11111111111111θὶ111111111,1111ῗέ111111111111111111ι

302 2637 334 2694 11
355 2594 542 2715 coriipietur
563 2653 582 2694 a
603 2569 844 2718 superveniente
865 2569 1050 2717 iniquitiite'.
1400 2590 1408 2624 r

370 2749 420 2814 32.
465 2749 560 2830 Quod
581 2750 716 2838 amplius
738 2753 819 2817 iusto
841 2749 996 2816 Karolum
1016 2749 1167 2816 Amulius
1189 2750 1343 2817 dilexerit

385 2851 437 2917 Ab
460 2852 618 2939 episeopis
640 2875 717 2940 ergo
738 2854 911 2919 Remorum
933 2853 1094 2918 dioceseos
1116 2851 1280 2918 ordinatus
1300 2845 1406 2916 Amul-

301 2935 352 2998 fus
382 2945 414 3000 et
445 2935 693 3003 sacerdotalibus
725 2937 832 3003 infulis
864 2937 1013 3003 decenter
1043 2937 1104 3002 insi
1152 2937 1212 3003 'tus
1240 2946 1297 3002 est.
1343 2933 1406 2998 Neo

302 3017 401 3083 multo
423 3029 497 3105 post
517 3041 537 3084 a
557 3043 644 3108 papa
664 3021 808 3102 Romano
834 3023 968 3086 missum
995 3032 1107 3118 aposto
1120 3022 1188 3086 icae
1217 3016 1406 3086 auctoritatis

301 3101 434 3201 pallium
463 3126 533 3168 sum
559 3106 607 3170 sit.
657 3105 722 3188 Qui
751 3128 824 3170 cum
853 3128 895 3170 ex
922 3115 1022 3170 tanta¹
1045 3105 1198 3192 dignitate
1227 3102 1405 3190 procederet

301 3186 445 3272 rnsignis,
466 3187 522 3253 illu
565 3199 671 3254 tamen
691 3189 854 3254 infortunii
875 3212 977 3275 genus
999 3187 1223 3271 arbitrabatur,
1267 3187 1352 3253 uodi
1374 3202 1405 3247 se

302 3281 461 3372 superstes
482 3273 522 3339 de
543 3276 647 3360 patrio
668 3296 784 3360 genere
805 3271 926 3338 nullum
945 3283 1054 3373 preter
1067 3272 1245 3338 Karoluml
1289 3207 1403 3337 abela.

301 3354 516 3422 Miserrimum
538 3380 663 3444 quoque
686 3357 748 3423 sibi
762 3357 873 3441 videri,
896 3358 923 3422 si
943 3359 986 3423 11ι
1005 3358 1125 3423 honore
1145 3357 1355 3438 frustraretur,
1373 3353 1403 3414 in

302 3461 365 3525 quo
387 3439 454 3506 solo
476 3461 549 3528 spes
569 3441 753 3508 restituendi
774 3464 875 3528 genus
896 3451 1063 3528 paternum
1085 3442 1145 3506 sita
1165 3441 1256 3506 foret.
1295 3442 1403 3505 Patrue

300 3523 409 3610 itaque
436 3525 677 3610 miserescebat,
710 3524 797 3590 illum
827 3527 997 3612 cogitabat,
1027 3525 1118 3590 illum
1150 3523 1291 3608 colebat,
1323 3521 1402 3587 illum

301 3628 360 3691 pro
380 3609 579 3753 ‘parentibus
609 3609 809 3674 carissimum
840 3609 987 3676 habebat.
1040 3607 1139 3696 Apud
1171 3631 1267 3695 quem
1299 3605 1403 3672 collato

301 3709 389 3754 cons1
401 3693 432 3754 io
469 3691 639 3776 querebat,
667 3715 806 3779 quonam
834 3694 930 3758 modo
957 3694 991 3759 in
1020 3693 1144 3759 culmen
1170 3693 1299 3758 honoris
1324 3688 1401 3754 illum

299 3771 475 3860 provehere
486 3784 602 3860 posset,
614 3775 660 3840 sic
670 3785 777 3842 tamen
787 3786 822 3842 ut
832 3777 901 3863 ipse
912 3778 997 3864 regis
1008 3776 1150 3844 desertor
1159 3797 1224 3841 non
1233 3778 1402 3863 appareret.

655 3897 705 3962 33.
748 3899 920 3963 Remorum
941 3899 1055 3985 captio.

384 3996 482 4064 Cuius
503 3998 550 4063 rei
570 3999 725 4065 rationem
747 4001 793 4065 sic
813 3999 883 4065 fieri
903 3999 1124 4082 arbitrabatur,
1144 4008 1180 4064 ut
1194 4005 1399 4066 statuereturm
1455 3999 1456 4026 ¹

299 4091 435 4168 tempus,
466 4104 529 4170 quo
551 4084 703 4170 primates
726 4093 803 4172 quot
824 4094 933 4172 posset
958 4086 992 4150 in
1011 4083 1091 4150 urbe
1117 4085 1183 4148 acsi
1204 4081 1323 4171 aliquid
1342 4100 1399 4143 ma-

358 4244 381 4298 s)
397 4247 416 4287 E
432 4247 488 4292 absc.
548 4247 699 4303 1))1111111111.
752 4247 773 4301 1)
789 4249 809 4289 11
825 4259 881 4289 corr.
898 4249 951 4289 ntsl.
997 4245 1021 4300 11)
1037 4257 1088 4289 erm
1104 4257 1181 4288 coram
1197 4258 1219 4298 p.
1236 4258 1255 4288 c.
1271 4257 1288 4287 s.
1304 4242 1397 4294 tom-1·

299 4303 321 4358 e)
338 4309 360 4346 ct
375 4307 395 4346 1.
462 4305 596 4360 1)11111.1.
664 4306 688 4362 g)
704 4312 727 4349 11
742 4312 798 4350 etc.
862 4305 886 4359 11)
903 4308 979 4350 clburn
996 4309 1015 4349 1.
1082 4304 1099 4359 1)
1114 4309 1219 4350 1111111111.
1284 4302 1397 4357 101111·

298 4369 374 4406 truum
391 4367 411 4409 1.
471 4364 488 4417 l)
505 4367 604 4409 11111111
622 4369 641 4409 1.
702 4365 734 4418 m)
752 4371 877 4409 statuertur
892 4378 909 4407 c.
