2936 5010
308 357 359 406 136
542 354 694 407 arcuum
714 354 965 407 HISTORIARUM
983 354 1094 405 LIBER
1112 352 1180 405 1111.

248 521 461 622 ssaimplevit.
504 523 618 588 Portae
646 523 750 604 etiarn,
772 543 812 586 ne
834 521 906 607 quis
928 521 1107 668 aufirgereq
1123 521 1310 586 custodibus
1331 520 1416 585 adhi-

308 606 383 672 bins
411 627 563 692 pervasae
590 615 671 670 sunt.
714 604 799 669 Alii⁸
820 606 926 691 itaque
948 626 1086 704 persona
1109 615 1164 669 ant
1184 604 1320 687 bucinis,
1341 604 1413 668 aliib

307 690 440 756 vocibus
454 689 638 772 fremebant,
654 687 708 752 alii
722 711 883 753 armorum
898 701 1002 754 somtu
1017 688 1300 754 tumultuabantur.
1325 687 1415 754 Unde

309 775 395 839 cives
417 775 526 858 territi,
548 783 657 860 utpote
680 774 735 858 qui
756 771 945 859 ignorabant
960 772 1036 858 quid
1051 782 1143 854 esset,
1164 772 1253 837 etde
1270 771 1415 836 domibus

307 857 501 940 ebullientes,
533 857 679 944 profugio
709 879 742 921 se
772 857 894 942 eripere
925 855 1130 922 conabantur.
1184 857 1334 938 Quorum
1366 856 1416 920 alii

308 942 531 1008 aecclesiarum
555 942 684 1007 secretis
707 963 741 1006 se
763 939 972 1022 occultabant,
995 939 1048 1004 alii
1071 941 1205 1004 diversis
1220 940 1364 1006 latibulis
1387 964 1415 1005 se

308 1025 510 1108 claudebant;
525 1024 578 1090 alii
593 1047 668 1090 vero
684 1023 766 1089 saltu
781 1047 814 1090 se
828 1023 868 1090 de
884 1027 982 1090 muris
997 1024 1241 1111 precipitabant.
1275 1026 1415 1106 Quorum

307 1133 387 1174 unus
409 1113 516 1196 episco
541 1121 606 1191 us0,
629 1131 701 1172 cum
724 1131 782 1196 per
803 1107 938 1174 declivia
958 1109 1073 1172 montis
1094 1109 1158 1172 iam
1180 1108 1311 1194 elapsus
1333 1119 1364 1173 et
1386 1110 1414 1172 in

307 1195 408 1260 vineis
430 1195 469 1259 ab
493 1132 748 1259 observatoribus
770 1201 914 1278 repertus
937 1203 1028 1275 esset,
1050 1191 1169 1257 Karolo
1189 1193 1352 1258 deductus
1375 1202 1417 1255 est

307 1288 339 1343 et
360 1279 401 1343 ab
424 1299 461 1344 eo
484 1299 610 1342 carcere
632 1277 786 1342 detrusus.
829 1277 976 1342 Emmam
1000 1299 1126 1364 quoqne
1147 1279 1306 1376 reginam,
1333 1277 1416 1341 ouius

307 1364 459 1428 instinctu
481 1383 550 1426 sese
571 1385 605 1425 re
630 1360 733 1424 ulsum
755 1382 775 1423 a
795 1360 890 1426 fratre
908 1359 1129 1442 arbitrabatur,
1150 1361 1196 1424 ib1
1211 1361 1416 1448 comprehen-

307 1447 353 1512 dit
380 1448 471 1532 eique
500 1383 646 1510 custodiis
674 1444 828 1509 adhibuit.
881 1443 951 1509 Reli
975 1467 1049 1508 uam
1078 1447 1172 1510 etiam
1195 1445 1288 1509 urbis
1312 1443 1416 1510 nobili-

306 1541 403 1596 tatem
424 1553 505 1630 pene
526 1539 624 1594 totam
650 1529 798 1628 pervasit.
849 1529 928 1615 (17.)
999 1537 1144 1616 ostquam
1166 1528 1287 1594 sedatis
1310 1526 1416 1592 tumul-

308 1615 392 1680 tibus
408 1616 520 1679 crvitas
535 1623 606 1678 tran
629 1611 844 1678 u1llareddita
859 1623 916 1696 est,
930 1611 1068 1676 Karolns
1084 1613 1123 1676 de
1138 1613 1225 1678 urbis
1241 1613 1416 1676 munitione

308 1709 340 1763 et
360 1697 494 1763 militum
516 1636 790 1764 victudeliberare
805 1705 900 1784 atque
915 1697 1059 1762 ordinare
1075 1698 1188 1783 coepit.
1221 1696 1415 1783 Deputavitd

308 1803 384 1928 ergo
413 1781 524 1867 vigiles
552 1782 797 1928 quingentenos,
826 1782 880 1866 qui
907 1780 1053 1846 noctibus
1075 1779 1206 1866 singulis
1228 1782 1347 1846 armati
1369 1803 1416 1844 ex-

309 1887 348 1928 cu
372 1867 418 1929 ias
440 1888 497 1951 per
518 1888 556 1928 ur
580 1887 630 1928 em
652 1874 683 1928 et
704 1868 830 1929 moenia
851 1875 1043 1930 exercerent.
1079 1865 1251 1930 Annonam
1267 1867 1365 1931 etiam
1379 1887 1415 1928 ex

307 1957 373 2014 toto
400 1970 484 2098 pago
511 1948 763 2014 Veromandensi
794 1949 909 2014 advehi
940 1951 1040 2014 iussit.
1094 1949 1137 2013 Et
1164 1951 1210 2013 sic
1242 1951 1358 2015 urbem
1379 1948 1414 2011 ad

307 2034 442 2100 resisten
464 2055 519 2098 um
540 2033 683 2102 munivit.
722 2033 804 2098 Nam
826 2033 946 2117 tumim,
970 2056 1051 2119 quae
1072 2033 1176 2098 adhuc
1198 2036 1298 2098 muris
1321 2033 1414 2097 hunri-

308 2117 391 2184 libus
411 2117 583 2203 perstabat,
604 2118 711 2202 pinnis
733 2119 944 2183 eminentibus
959 2118 1117 2182 exstruxit
1137 2117 1296 2204 fossisque
1311 2127 1413 2203 paten-

307 2201 392 2268 tibus
415 2203 663 2301 circumquaque
683 2200 821 2267 vallavit.
853 2200 1018 2266 Machinas
1032 2202 1128 2266 etiam
1143 2200 1290 2266 hostibus
1306 2202 1412 2266 effecit.

308 2287 440 2351 Necnon
470 2297 501 2352 et
530 2285 635 2372 hgnae
664 2286 888 2368 advectantur,
916 2285 1070 2350 machinis
1098 2285 1272 2351 educendis
1294 2286 1412 2350 idonea.

308 2369 391 2434 Valli
408 2392 534 2457 quoque
548 2380 747 2435 exacuuntur
754 2369 771 2452 f,
794 2381 958 2454 cratesque
978 2378 1197 2434 contexuntur.
1230 2370 1301 2435 Nec
1315 2370 1414 2432 minus

308 2455 390 2520 fabri
412 2455 644 2536 accersiuntur,
674 2455 729 2541 qui
755 2452 886 2517 missilia
907 2453 1062 2520 fabricent
1083 2475 1121 2518 ac
1144 2476 1290 2540 quaeque
1312 2474 1411 2518 neces·

187 2538 243 2584 Ἢ·
253 2541 298 2581 44⁶·
309 2539 392 2601 saria
412 2538 495 2602 ferro
517 2539 700 2603 instaurent.
732 2537 799 2601 Nec
815 2537 942 2602 defuere
959 2539 1013 2623 qui
1027 2549 1115 2602 tanta
1130 2537 1313 2604 subtilitatis
1329 2544 1411 2599 *arte

307 2620 437 2686 balistas
472 2622 632 2704 emittant,
660 2632 695 2686 ut
724 2621 912 2707 apothecam
942 2623 975 2684 in
1002 2633 1088 2686 recta
1116 2620 1270 2687 diametro
1299 2618 1409 2707 duplici

308 2704 460 2768 foramine
482 2713 642 2790 patentem
664 2713 749 2770 certo
771 2707 857 2770 iactu
877 2706 1037 2788 traiciant;
1060 2727 1134 2770 aves
1156 2728 1218 2792 quo
1242 2731 1283 2772 ue
1298 2708 1331 2770 in
1345 2723 1411 2769 aere

308 2787 450 2887 volantes
472 2787 648 2852 indubitato
670 2791 737 2853 ictu
758 2789 948 2874 impeterent
971 2789 1205 2876 transfixasque
1221 2730 1267 2856 de
1290 2786 1410 2856 sublimi

307 2881 542 2958 precrprtarent.

520 2992 565 3056 18.
609 2993 775 3076 Impetus&
797 2992 945 3078 Hugonis
967 2996 1021 3058 ine
1042 2991 1206 3057 Karolum.

393 3094 482 3174 Quae
512 3093 589 3157 dum
617 3101 755 3177 aguntur
783 3108 916 3178 regum¹
947 3093 1076 3160 auribus
1100 3093 1203 3159 delata
1226 3106 1309 3160 sunt.
1352 3089 1407 3173 Qui

307 3176 582 3244 vehementissime
603 3179 690 3260 moti,
712 3200 776 3242 non
798 3188 904 3242 tamen
926 3178 1073 3276 precipiti
1087 3179 1218 3266 impetu,
1242 3179 1309 3262 sed,
1331 3177 1408 3242 utin

308 3262 453 3327 omnibus
484 3261 641 3343 solebant,
672 3283 768 3360 super
793 3261 854 3325 hoc
879 3261 1119 3347 diligentissime
1148 3262 1407 3328 consultaverunt.

307 3345 488 3433 Utcumque
510 3347 605 3411 etiam
628 3345 730 3409 cord1s
746 3345 886 3410 dolorem
902 3345 1151 3411 dissimulabant.
1186 3347 1326 3432 Legatos
1361 3365 1408 3407 ua·

309 3452 499 3578 quaversum
522 3429 671 3514 dirigunt.
711 3428 830 3512 Gallos,
853 3451 933 3527 quos
954 3430 1028 3494 hinc
1043 3431 1197 3512 Matrona,
1219 3430 1294 3496 inde
1317 3368 1408 3494 atduit

341 3535 470 3596 arunna,
492 3522 602 3577 eontra
623 3513 782 3577 tirannum
803 3515 948 3582 invitant.
982 3514 1107 3594 Quibus
1128 3515 1161 3578 in
1183 3536 1284 3578 unum
1299 3511 1408 3579 coactis

309 3599 404 3660 cumh
419 3598 595 3661 exercitum
611 3595 817 3682 collegissent,
834 3595 1058 3679 deliberabant,
1080 3619 1121 3660 an
1139 3598 1251 3664 urbem
1273 3594 1408 3684 aggressi

308 3688 537 3765 expugnarent,
559 3691 728 3765 antequam
750 3679 791 3745 ab
813 3681 955 3747 hostibus
977 3681 1184 3768 amplioribus
1199 3684 1300 3769 copiis
1315 3677 1406 3747 muni-

308 3771 404 3844 retur,
434 3771 465 3826 et
494 3773 677 3848 expugnata
707 3767 867 3829 tirannum
896 3765 1110 3849 confoderent,
1140 3788 1177 3831 eo
1207 3768 1302 3854 quod,
1332 3767 1357 3832 si
1383 3763 1407 3825 is

308 3845 503 3912 solummodo
527 3858 638 3933 captus
660 3858 714 3912 aut
736 3849 858 3913 occisus
876 3848 965 3933 foret,
987 3872 1064 3914 mox
1078 3873 1146 3916 sese
1160 3873 1295 3938 regnum
1310 3851 1406 3938 quiete

366 4005 388 4058 a)
405 4008 605 4059 Personsntesque
621 4011 641 4049 1.
710 4008 734 4062 b)
751 4021 771 4052 a.
787 4023 808 4054 v.
823 4012 895 4054 herne
910 4013 933 4053 in
950 4015 994 4053 loeo
1011 4025 1069 4056 ruso.
1137 4013 1158 4066 c)
1174 4025 1196 4056 n.
1212 4026 1264 4056 cum
1281 4009 1406 4062 casalepl·

308 4065 456 4117 d)1)eputatf
478 4078 531 4116 ergo
554 4072 606 4108 sunt
626 4079 647 4109 v.
668 4070 818 4120 quingenteni
839 4072 859 4112 1.
950 4071 972 4126 e)
987 4073 1095 4113 millenae
1114 4073 1190 4114 trabes
1207 4101 1212 4114 .
1230 4102 1236 4114 .
1252 4101 1257 4114 .
1275 4075 1368 4115 idoneae
1388 4069 1406 4106 1-

307 4123 324 4175 f)
340 4136 391 4166 exa.
409 4137 427 4167 c.
445 4138 465 4168 c.
481 4127 505 4166 tn
520 4127 566 4167 loco
582 4139 641 4167 raso.
701 4127 724 4180 g)
741 4129 759 4184 1,
776 4131 800 4169 tn
816 4129 871 4169 abac.
931 4128 955 4182 h)
969 4136 1019 4180 post
1035 4133 1085 4175 add.

383 4259 409 4322 l)
429 4259 470 4310 Ob
489 4259 539 4310 hoc
563 4259 722 4312 vocabulum
742 4276 784 4312 res
810 4261 853 4311 hic
878 4267 997 4316 narratas
1022 4269 1083 4332 post
1108 4265 1229 4316 Rotberti
1255 4266 1405 4318 electionem

308 4329 443 4394 ponendas
464 4346 529 4395 esse,
548 4349 600 4385 non
621 4333 785 4385 crediderim.
