2938 5016
285 362 439 416 mensal
457 363 709 416 HISTORIARUM
728 363 840 414 LIBER
859 363 897 416 11.
1118 363 1152 416 85

48 541 75 597 et
92 531 132 596 ab
153 533 197 597 eis
225 530 371 596 roborari
400 532 570 595 constituit.
620 530 793 616 Hugonem
821 551 949 616 quoque
977 529 1152 596 Galliarum
1162 549 1214 590 ere.

48 615 152 679 ducem
183 618 218 680 in
250 615 436 701 supradicta
468 615 580 680 sinodo
608 615 817 700 dampnatum
848 615 918 700 ipse
951 615 1047 679 etiam
1077 636 1150 679 con·

48 699 198 785 dempnat,
229 700 332 764 donec
357 701 427 785 regi
449 720 507 762 suo
530 697 702 764 satisfaciat
723 708 779 762 aut
799 698 935 762 Romam
956 699 1064 764 veniat
1077 698 1152 764 inde

46 785 289 849 ratiocinatunrs.
337 783 416 847 Mox
438 805 479 847 ue
509 782 678 848 anathema
707 782 902 867 descriptum
931 791 963 846 et
990 805 1010 846 a
1040 781 1153 847 sinodo

46 868 221 932 roboratum
244 868 403 967 episcopis
459 864 605 932 allianum
627 865 811 931 destinatur.

120 953 171 1017 96.
204 951 234 1014 E
258 953 379 1036 rscopi¹
402 952 511 1037 itaque
534 948 710 1015 Galliarum
732 949 931 1015 anathemate
952 949 1040 1031 moti,
1066 949 1153 1034 apud
1163 965 1216 1007 ⁹⁵⁰·

47 1033 154 1099 ducem
197 973 387 1118 colligrmtur
425 1044 457 1098 et
492 1033 567 1098 inde
602 1035 790 1119 gravissime
826 1042 1074 1182 conguertmtum
1111 1055 1154 1097 ex

47 1117 174 1183 decretis
210 1127 337 1204 patrum
374 1119 535 1204 sacrisque
572 1117 748 1182 canonibus
784 1116 859 1180 duci
914 1126 1153 1199 emonstrantee,

47 1204 200 1268 neminem
221 1211 306 1267 stare
327 1203 533 1287 pertinaciter
553 1201 707 1267 adversus
728 1202 892 1266 dominum
922 1223 1015 1265 suum
1037 1200 1155 1266 debere

47 1307 98 1349 nec
112 1296 232 1352 temere
247 1287 281 1348 in
295 1307 368 1350 eum
383 1287 556 1372 quicquam
571 1284 686 1350 moliri.
707 1284 792 1349 Illud
807 1287 903 1350 etiam
937 1306 1007 1349 rom
1031 1285 1153 1349 tissime

47 1379 231 1452 monstrant,
259 1369 434 1435 secundum
462 1369 643 1455 apostolum
667 1391 776 1454 regem
804 1307 1095 1451 honondmndm,
1123 1379 1155 1434 ct
1163 1397 1222 1440 nom
1234 1399 1269 1453 ιε,
1278 1402 1298 1441 ι.

46 1475 104 1517 non
125 1453 229 1518 solum
250 1476 371 1538 regem,
392 1475 503 1518 verum
532 1475 658 1518 omnem
712 1460 877 1518 otestatem
905 1454 1059 1516 maiorem
1081 1451 1154 1517 sub·
1253 1481 1254 1484 ¹

47 1538 127 1602 tectis
150 1537 309 1602 dominari
330 1535 447 1602 debere
470 1547 625 1602 asserunt.
696 1546 779 1601 reter
800 1537 879 1601 haec
902 1558 1028 1623 quoque
1073 1539 1154 1601 erni-

47 1621 254 1686 ciosissimum
275 1643 355 1703 esse,
376 1619 587 1706 apostolicum
609 1624 778 1686 anathema
799 1622 1003 1706 pertinaciter
1045 1621 1154 1706 ‘ipen-

47 1703 122 1788 dere,
155 1727 230 1770 cum
262 1705 296 1769 id
328 1707 370 1770 sit
400 1703 527 1790 gladius
562 1707 617 1791 qui
643 1713 789 1790 penetrat
815 1707 952 1790 *corpus
979 1727 1081 1804 usque
1112 1705 1221 1770 ad'f01·
1235 1713 1272 1757 ³1·

47 1790 178 1853 animam
220 1799 252 1853 et
284 1789 331 1852 sic
369 1789 576 1853 mortificatos
606 1813 626 1854 a
657 1810 757 1875 regno
785 1786 953 1853 beatorum
986 1790 1155 1888 sprrituum

46 1872 179 1957 repellat.
224 1872 294 1937 Sibi
317 1873 413 1937 etiam
445 1871 586 1957 periculo
614 1895 693 1954 esse,
722 1882 913 1955 memorant,
943 1874 971 1936 si
1002 1873 1035 1938 1d
1069 1874 1154 1960 quod

46 1957 208 2021 animabus
255 1955 408 2020 ericulum
430 1956 547 2041 ingerit
568 1955 772 2043 neglegentes
794 1979 857 2021 non
880 1959 1046 2022 innotesca
1068 1968 1091 2022 t.

120 2043 171 2106 97.
235 2039 338 2104 alibus
368 2040 436 2104 dux
465 2061 645 2124 persuasus,
672 2041 742 2124 regi
769 2039 931 2105 humiliter
955 2041 1154 2106 reconciliari

47 2122 183 2208 deposcit
216 2125 309 2210 eique
341 2123 577 2189 satisfacturum
610 2147 679 2188 sese
735 2123 886 2188 ollicetur.
936 2123 1043 2188 Huius
1081 2145 1153 2188 con-

47 2207 164 2272 cordiae
188 2217 220 2272 et
240 2209 331 2292 pacis
352 2207 549 2272 ordinatores
577 2208 665 2272 fuere
721 2208 881 2272 honradus
908 2207 976 2270 dux
1002 2217 1033 2272 et
1053 2207 1153 2305 Hugo

47 2300 249 2376 cognomento
257 2291 366 2376 Niger,
378 2290 541 2357 Adalbero
553 2313 680 2378 quoque
695 2301 790 2376 atque
801 2290 972 2356 Fulbertus
985 2291 1152 2374 episcopm

46 2373 82 2438 lit
101 2377 151 2440 die
175 2377 347 2440 constituta
367 2399 425 2441 rex
447 2385 480 2440 et
500 2375 568 2440 dux
596 2377 802 2456 conveniunt3
838 2396 877 2438 ac
904 2395 994 2438 secus
1020 2371 1153 2438 fluvium

45 2457 217 2524 Matronam
250 2457 423 2541 conlocuti,
478 2457 655 2545 rincipibus
687 2458 838 2545 predictis
870 2458 1086 2540 internuntiis,
1119 2459 1152 2520 in

45 2564 195 2608 summam
229 2544 432 2608 concordiam
455 2481 691 2629 benignissime
726 2539 899 2608 redierunt.
955 2541 999 2606 Et
1034 2551 1153 2628 quanto

45 2625 256 2691 vehementius
279 2636 352 2691 ante
373 2627 407 2690 in
428 2649 497 2692 sese
512 2629 650 2712 grassati
663 2627 760 2710 fraere,
781 2635 869 2692 tanto
885 2626 1021 2713 amplius
1036 2625 1154 2690 exinde

44 2711 177 2775 amicitia
199 2733 233 2775 se
255 2709 389 2775 coluere.
431 2710 529 2796 Hugo
555 2715 663 2798 itaque
686 2711 753 2775 dux
782 2733 840 2810 per
861 2733 974 2774 manus
996 2719 1029 2775 et
1050 2733 1152 2775 sacra·

45 2805 179 2859 mentum
201 2797 287 2879 regis
302 2794 438 2860 efficitur
459 2817 497 2858 ac
523 2797 635 2859 turrim
649 2794 871 2859 Laudunrcam
886 2796 951 2858 suis
966 2804 1152 2859 evacuatam

43 2879 104 2962 regi
130 2877 255 2960 reddit;
287 2877 419 2942 multam
447 2878 565 2943 abinde
591 2877 688 2942 fidem
712 2901 745 2944 se
768 2887 967 2943 servatrnum
985 2877 1151 2977 pollicens.

118 2963 170 3028 98.
203 2962 314 3026 Iussus
336 2983 412 3047 ergo
434 2963 475 3028 ab
496 2984 582 3047 rege,
603 2964 637 3025 in
657 2961 864 3062 Aquitaniam
885 2973 1062 3027 exerortum
1083 2963 1151 3047 regi
1162 2980 1213 3022 esi.

43 3055 134 3126 parat.
182 3045 255 3126 Quo
276 3046 310 3109 in
331 3045 421 3110 brevi
443 3044 585 3127 collecte,
613 3067 718 3110 causis
745 3068 852 3110 rerum
878 3047 1081 3130 exigentibus
1108 3045 1151 3110 ad

42 3129 201 3194 interiores
222 3128 429 3216 Burgundiae
451 3138 557 3228 partes
584 3151 643 3194 rex
670 3152 779 3194 secum
806 3131 982 3194 exercitum
1011 3131 1150 3227 dirigit³.

43 3209 119 3276 Oum
141 3233 219 3298 ergo
242 3213 275 3276 in
297 3234 374 3298 agro
389 3212 671 3278 Matrsoonensium
695 3223 799 3278 castra
819 3212 940 3298 figeret,
963 3223 1100 3278 occurrit
1120 3213 1151 3276 ei

41 3293 174 3362 Karolus
204 3295 446 3379 Constantinus,
477 3297 622 3362 Viennae
654 3298 789 3361 civitatis
821 3297 984 3382 princeps,
1018 3297 1149 3380 eiusque

43 3379 183 3462 efficitur,
210 3379 308 3443 fidem
336 3380 539 3444 iureiurando
592 3389 693 3445 actus.
743 3380 807 3443 Hic
833 3402 875 3444 ex
901 3382 989 3464 regio
1041 3378 1150 3443 uidem

40 3485 151 3546 genere
173 3473 267 3528 natus
289 3473 365 3546 erat,
388 3464 444 3536 sed
466 3403 667 3530 concubinali
689 3472 854 3528 stemmate
876 3485 978 3550 usque
999 3401 1041 3526 ad
1062 3463 1149 3528 trita·

40 3568 110 3611 vum
146 3546 317 3630 sordebat,
350 3549 400 3611 vir
427 3548 608 3634 grandevus
641 3559 672 3613 et
702 3547 810 3612 multis
837 3545 994 3612 bellorum
1022 3546 1152 3612 casibus

41 3633 224 3716 saepissime
246 3633 381 3714 attritus,
405 3640 457 3695 eta
479 3633 590 3717 quiin
613 3632 830 3718 superioribus
844 3633 1020 3718 piratarum
1034 3630 1152 3696 tumul·

39 3712 119 3778 tibus
140 3713 226 3780 felici
241 3735 416 3800 congressu
429 3715 562 3800 insignis
581 3715 762 3781 multoties⁸
784 3717 904 3780 enituit.
937 3715 1040 3781 Affuit
1052 3717 1149 3780 etiarn

40 3794 218 3884 Stephanus
232 3798 450 3862 Arvernorum
475 3798 603 3885 presulb
624 3822 662 3864 ac
684 3800 752 3884 regi
773 3821 842 3864 sese
865 3801 1033 3864 commisit.
1069 3799 1153 3864 Nec-

38 3901 98 3945 non
131 3892 164 3946 et
195 3905 215 3946 a
247 3881 397 3947 Wilelmo
430 3881 665 3970 Aquitanorum
721 3884 841 3968 rincipe
872 3881 970 3967 legati
1001 3881 1150 3948 industrii

39 3963 162 4050 affuere,
184 3987 245 4052 pro
268 3988 325 4030 suo
347 3967 493 4052 principe
515 3989 557 4031 ex
579 3966 642 4031 lide
662 3905 808 4032 habenda
823 3975 1020 4031 sacramenta
1034 3964 1151 4030 dauni.
1203 3979 1208 3991 ¹

93 4127 116 4181 a)
130 4135 183 4180 poet
198 4131 250 4171 add.
310 4125 335 4180 b)
351 4129 459 4180 princepe
480 4132 501 4172 1.

110 4269 136 4332 1)
159 4269 222 4320 Hac
242 4269 276 4320 de
301 4283 330 4320 re
348 4268 415 4319 nihil
438 4267 615 4320 Flodoerdns.
696 4264 726 4334 2)
745 4267 873 4318 Metanoia
893 4271 920 4319 et
939 4265 1151 4318 Cameracensis.

42 4337 66 4404 3)
84 4339 140 4394 Sed
159 4349 300 4407 moenam
320 4341 430 4394 eandem
450 4339 632 4410 ingrederetur
647 4340 815 4407 proedonem
834 4339 914 4392 Flod.
