2936 5010
283 402 433 456 arcuum
450 403 701 456 HISTORIARUM
719 403 830 480 LIBER
845 403 899 454 III.
1096 403 1146 454 119

11 609 12 612 =
55 569 260 652 dissimulavit,
290 580 378 636 utet
405 593 463 658 per
488 571 675 636 insidiarum
701 569 774 634 loca
798 571 958 654 transiret,
1008 592 1068 635 uae
1089 591 1207 639 necess.

11 671 13 756 q
55 657 141 721 vitare
169 662 310 742 poterat,
339 666 371 720 et
397 654 583 720 insidiantes
611 654 781 720 efficaciter
805 652 935 719 falleret.
1013 677 1054 719 no
1081 662 1148 718 tan-

11 759 13 802 }
54 749 131 804 tum⁸
157 739 297 837 hospitio
323 761 405 825 pene
433 738 647 826 deprehensus
677 739 747 802 fuit.
797 738 880 802 Nam
908 739 984 802 dum
1010 739 1149 805 eundum

55 833 124 889 esset
150 825 304 905 cub1tum,
330 825 360 888 ei
386 821 486 888 lectus
515 844 588 887 cum
611 821 754 908 diligenti
774 831 931 908 apparatu
953 825 1148 908 compositus

54 917 99 972 est.
129 908 234 994 Eique
256 907 441 971 circumfusi
462 908 518 971 seb
541 928 649 972 omnes
671 905 712 970 ad
735 905 936 971 serviendum
958 905 1149 970 obtulerunt.

11 1065 12 1072 ἵ
54 991 106 1055 Alii
127 993 211 1057 enim
232 1013 317 1076 genu
337 989 441 1055 flex0⁰
462 989 581 1076 caligas
602 990 818 1073 extrahebant,
846 998 1067 1075 extractasque
1095 988 1150 1052 alii

11 1093 12 1108 ¹
54 1077 114 1140 exci
137 1077 255 1141 iebant.
296 1073 362 1138 Alii
389 1096 466 1140 vero
495 1075 629 1140 nudatos
656 1073 753 1160 pedes
785 1073 923 1140 sedentis
955 1072 1148 1138 subsidendo

11 1197 12 1200 =
54 1098 259 1226 cooldcabant
280 1167 312 1222 et
332 1159 410 1244 giris
430 1160 567 1223 vestium
589 1157 812 1223 emundabant.
844 1158 935 1223 Haec
955 1157 1013 1222 hos
1037 1179 1071 1221 es
1091 1179 1150 1244 per

11 1267 12 1312 3
54 1245 113 1308 ostii
139 1245 238 1307 rimas
266 1242 496 1329 contemplatus
523 1252 579 1309 est.
632 1242 923 1328 Deprehensusque
956 1181 1148 1328 explorasse,

11 1315 13 1398 l
55 1348 126 1403 nox,
146 1351 187 1394 ne
210 1349 278 1392 rem
299 1326 470 1412 detegeret,
496 1335 629 1391 vocatus
651 1337 698 1392 est
719 1334 751 1390 et
771 1327 979 1390 intromissus.
1014 1325 1149 1391 Strictis-

11 1447 12 1452 κ
55 1435 105 1497 qne
131 1409 336 1476 mucronibus
383 1420 528 1496 ostquam
558 1413 588 1476 ei
609 1433 720 1476 necem
748 1411 861 1476 minati
884 1420 965 1494 sunt,
988 1411 1015 1474 si
1035 1430 1149 1473 vocem

55 1497 206 1576 emitteret,
229 1433 493 1580 comprebcnsum
514 1489 620 1580 ligatis
642 1494 789 1559 manibus
811 1503 843 1558 et
863 1493 999 1579 pedibus
1013 1494 1048 1556 in
1062 1513 1149 1578 erga-

11 1653 13 1656 ·
55 1578 157 1644 stolum
186 1577 396 1644 detruserunt.
444 1579 509 1660 Qui
535 1600 613 1644 voce
640 1599 811 1666 suppressa
837 1577 883 1642 ibi
911 1600 1011 1663 usque
1038 1598 1150 1662 crepu-

11 1703 12 1744 3
56 1661 163 1726 sculum
185 1663 372 1727 convexus(i
392 1663 499 1728 iacuit.
553 1663 629 1727 Post
656 1672 749 1726 nocte
774 1660 986 1728 abscendente
1020 1661 1149 1746 inipso

57 1745 227 1832 crepusculo
255 1755 469 1812 surrexerunt.
519 1747 689 1832 Hospitem
715 1755 914 1832 assumptum
940 1755 972 1809 et
999 1766 1082 1832 equo
1103 1745 1149 1808 in-

55 1840 168 1895 vectum
188 1829 301 1894 tandiu
321 1840 571 1916 asportaverunt,
594 1829 695 1896 donec
715 1829 785 1894 loca
800 1839 948 1915 suspecta
960 1829 1149 1894 transmitte-

56 1925 122 1979 rent.
154 1915 280 1996 Quibus
300 1915 503 1998 transmissis,
526 1914 564 1980 de
590 1916 706 1980 ositum
724 1914 911 1979 dimiserunt
928 1911 1084 1999 reliquum
1108 1934 1149 1976 ue

11 2039 12 2042 =
55 1998 161 2063 itineris
183 1997 300 2064 celeres
321 1998 531 2064 confecerunt.
605 2000 767 2063 eominus
790 1997 931 2064 Conradi
951 1998 1037 2083 regis
1060 1935 1149 2061 ddlos

57 2103 120 2168 sepe
141 2082 318 2147 simulando
341 2094 372 2148 et
392 2081 620 2147 dissimulando
648 2083 758 2163 evasit,
786 2086 880 2146 *cum
906 2083 938 2144 in
961 2080 1041 2145 dolis
1065 2101 1214 2148 com-·r01.
1231 2107 1275 2147 ro‘.

11 2223 12 2226 ,
56 2167 198 2250 ponendis
220 2167 420 2231 insidiatores
442 2167 567 2231 studiol
591 2175 621 2229 et
641 2166 693 2228 hic
706 2167 890 2230 niterentur.
923 2163 1067 2228 Tandem
1082 2173 1148 2226 tan-

11 2287 12 2326 3
56 2260 148 2314 torum
168 2249 324 2314 malorum
346 2273 475 2314 securus
498 2249 602 2315 Gallia
622 2259 768 2334 receptus
791 2259 847 2312 est.

252 2390 302 2454 89.
344 2388 488 2452 Letharii
509 2397 540 2452 et
561 2386 707 2472 Hugonis
728 2383 951 2450 reconciliatio.

126 2491 269 2576 Cognitis
290 2501 398 2555 autem
418 2497 625 2636 utrorumque
647 2485 726 2551 dolis
748 2487 788 2552 ab
810 2495 954 2571 utroque,
976 2492 1065 2548 tanta
1080 2505 1149 2547 cru-

56 2571 171 2640 delitate
199 2576 234 2638 in
260 2597 293 2639 se
318 2595 384 2638 non
411 2574 507 2636 armis
536 2595 568 2637 se
618 2571 740 2635 insidiis
766 2568 937 2635 latentibus
963 2566 1151 2634 debacchati

57 2668 126 2740 sunt,
151 2667 187 2722 ut
214 2657 334 2744 aliquot
362 2657 453 2721 annis
483 2679 533 2720 res
554 2655 683 2742 publica
703 2655 902 2742 principibus
925 2650 1150 2718 dissidentibus

57 2741 177 2806 multum
198 2741 364 2807 lederetur.
397 2741 488 2804 Tunc
508 2741 603 2805 etiam
617 2739 787 2804 multarum
800 2761 906 2804 rerum
919 2736 1150 2822 usurpationes,

57 2827 231 2891 miserorum
264 2847 390 2912 quoque
423 2825 644 2911 oppressiones
682 2834 713 2889 et
744 2824 829 2888 circa
867 2824 972 2886 minus
1005 2828 1150 2906 potentes

58 2908 238 2975 calamitates
259 2909 398 2973 nefariae
413 2930 433 2972 a
448 2907 638 3007 quibusdam
652 2908 760 2993 pravis
775 2907 933 2972 exercitae
949 2913 1030 2968 sunt.
1068 2903 1150 2968 Cum

58 2995 207 3081 utriusque
230 3015 265 3057 sa
288 2993 436 3057 ientiores
456 3015 491 3055 1n
511 3015 610 3056 unum
626 2991 798 3056 consulturi
813 2990 1045 3069 convenientes,
1067 2989 1152 3072 prin-

58 3077 132 3161 cipes
171 3078 249 3142 dissi
273 3099 325 3141 ere
365 3076 502 3163 plurima
544 3076 817 3141 commiseratione
861 3073 1026 3158 conquesti
1068 3080 1150 3136 sunt.

59 3162 126 3305 390.)
163 3163 418 3246 Statueumtque‚
441 3169 476 3224 ut
497 3159 626 3224 alterius
647 3159 786 3224 fautores
808 3157 850 3221 ad
871 3156 1004 3221 alterum
1026 3155 1151 3218 suasuri

77 3245 360 3311 ereconciliatione
385 3245 563 3326 transirent,
589 3253 625 3307 ut
645 3242 793 3306 alteruter
819 3239 1032 3306 benivolentia
1059 3237 1150 3303 alter-

60 3330 146 3394 utrius
167 3339 291 3415 captus,
317 3326 439 3393 facilius
461 3327 523 3392 sibi
544 3324 809 3391 condescenderet
837 3344 971 3408 eumque
1000 3341 1058 3407 pro
1086 3321 1152 3386 lesa

59 3414 192 3478 amicicia
212 3411 320 3478 utilius
342 3413 503 3497 peniteret.
540 3410 635 3492 Quod
656 3407 856 3474 consultum⁸
877 3427 942 3470 non
961 3403 1059 3468 multo
1079 3414 1152 3490 post

60 3494 193 3562 effectum
213 3494 335 3560 habuit.
366 3495 448 3560 Nam
470 3505 501 3560 et
522 3495 566 3559 eis
588 3493 805 3560 efficacissime
826 3512 1015 3578 persuasum
1035 3497 1091 3571 est,
1114 3509 1152 3552 ac

60 3577 182 3661 plurima
208 3578 375 3644 dilectione
401 3578 462 3644 sibi
489 3579 607 3643 annexi
633 3587 713 3642 sunt
766 3576 820 3640 Sic
841 3576 937 3640 etiam
958 3575 992 3638 in
1011 3574 1153 3660 utrisque

60 3663 100 3727 vis
119 3665 282 3730 amiciciae
303 3663 429 3728 firmata
449 3663 519 3726 visa
540 3670 596 3728 est.

158 3804 209 3868 91.
251 3801 414 3868 Promotio
435 3800 611 3867 Ludovicif
629 3801 663 3863 in
683 3822 816 3885 regnum
837 3798 1044 3862 Francorum.

133 3904 260 3970 Etenim
287 3926 361 3968 cum
386 3926 444 3968 rex
465 3902 565 3968 filium
586 3925 678 3968 suum
699 3901 899 3966 Ludovicum
919 3900 953 3962 in
973 3919 1071 3983 regno
1095 3895 1156 3961 sibi

62 3989 219 4054 succedere
248 3987 352 4070 vellet,
378 3988 484 4074 ipsum
506 4009 632 4074 quoque
653 4007 673 4050 a
694 3986 774 4050 duce
796 3982 1008 4048 ordinandum
1029 4001 1157 4066 quaere·

62 4081 111 4153 ret,
131 4073 197 4138 dux
217 4073 301 4137 hanc
326 4070 557 4136 ordinationem
582 4093 660 4136 mox
685 4066 808 4135 liberali
835 4067 940 4130 animo
968 4086 1002 4128 se
1023 4062 1157 4126 admini-

64 4160 221 4222 straturum
242 4155 414 4242 respondit.
447 4155 490 4220 Et
510 4154 622 4241 legatis
645 4154 781 4235 directis,
803 4169 974 4235 regnorum
995 4146 1156 4232 principes

116 4335 136 4388 a)
151 4339 179 4378 stc
201 4351 218 4382 s.
271 4335 295 4388 b)
308 4341 359 4386 poet
375 4337 424 4381 add,
475 4333 495 4386 c)
511 4335 573 4376 flexu
592 4347 649 4382 corr.
670 4336 738 4380 flexo.
790 4329 813 4382 d)
830 4339 962 4378 conquexus
984 4339 1001 4370 c.
1054 4325 1076 4378 e)
1093 4339 1158 4369 sena-

65 4392 128 4434 tutc.
149 4400 168 4438 1.
227 4395 369 4448 ORotbertt
384 4398 404 4438 1.
