2936 5010
283 362 438 416 RIGHBRI
455 363 709 418 HISTORIARUM
727 365 839 416 LIBER
858 365 910 418 111.
1118 365 1169 416 tas

21 544 24 610 ς
89 529 212 595 uosdam
233 553 309 596 vero
331 541 432 596 morte
458 531 648 598 afficiebant.
692 531 831 597 Tantum
856 533 891 596 in
918 533 963 596 eis
985 540 1033 598 ter
1054 531 1228 598 debas-ser.

21 615 23 684 j
70 615 175 696 omit,
208 625 243 680 ut
275 637 440 680 caesorum
475 615 685 681 cadaveribus
721 625 872 702 aggerata
902 615 1003 681 moles
1035 616 1169 682 collibus

21 714 25 735 ¹
69 697 291 764 assmilnetur.
343 698 429 764 Aliib
456 722 532 766 vero
555 700 781 766 descendentes
808 709 864 764 aut
889 697 1023 766 vibratis
1052 701 1169 787 gladiis

69 781 234 846 frondium⁰
264 785 481 870 oppositarum
510 784 697 850 densitatem
729 782 904 866 metebant,
936 794 991 850 aut
1022 785 1169 850 trudibus

69 866 177 931 adactis
203 869 431 955 transpositam
460 867 612 933 arborum
645 866 762 933 molem
793 867 985 934 amovebant
1021 869 1170 969 sibique(¹

22 959 23 972 ³
68 951 120 1097 itpr
143 952 337 1038 aperiebant.
385 951 530 1018 Tandem
557 951 656 1018 multo
686 961 800 1016 conatu
826 950 866 1016 de
892 953 998 1018 medio
1027 953 1168 1018 hostrum

70 1037 162 1100 eucti
182 1044 265 1100 sunt.

140 1120 189 1184 99.
232 1119 305 1184 Hac
321 1129 510 1205 tempestate
525 1118 718 1186 Germania*
732 1119 818 1186 nullo
833 1123 918 1208 regis
932 1121 1067 1207 imperio
1083 1130 1168 1186 tene·

22 1256 23 1260 ,
69 1199 164 1284 batur,
198 1204 274 1290 quip
300 1226 317 1268 e
346 1225 420 1268 cum
448 1213 479 1269 et
506 1205 657 1270 Ottonem
684 1204 836 1271 infantem
862 1206 974 1272 aetatis
1002 1205 1169 1269 infirmitas

68 1308 188 1371 regnare
210 1309 270 1373 pro
295 1285 403 1371 beret,
425 1300 457 1354 et
476 1289 624 1352 Heziloni
644 1288 799 1374 regnandi
820 1289 937 1376 cupido
958 1287 1169 1377 apotioribus

68 1391 189 1456 regnum
210 1371 488 1438 contradiceretur.
524 1372 619 1438 Unde
632 1373 803 1438 Lotharius
825 1375 1025 1439 occasionem
1045 1381 1168 1456 nactus,
1286 1400 1289 1404 ·

69 1453 101 1518 de
112 1454 257 1540 Belgicae
274 1457 463 1541 pervasione
477 1458 613 1521 iterum⁰
629 1458 799 1543 cogitabat,
820 1467 856 1522 ut
869 1457 1019 1522 videlicet
1036 1457 1078 1521 ad
1093 1479 1169 1522 suae

24 1599 25 1602 ,
69 1536 280 1604 dominationis
301 1540 350 1604 ius
372 1563 442 1606 eam
469 1550 673 1628 retorqueret,
699 1562 772 1604 cum
795 1541 890 1608 Ottor
908 1564 974 1606 non
994 1552 1086 1623 esset,
1117 1549 1168 1606 et⁰

69 1625 215 1709 principes
242 1623 431 1690 dissiderent
456 1626 610 1711 regnique
636 1625 774 1710 dignitas
802 1624 888 1690 nullo
918 1626 1003 1712 regis
1034 1625 1169 1689 admini-

69 1714 208 1774 straretur
231 1709 377 1794 imperio.

19 1816 20 1819 ¹
139 1793 209 1857 100.
250 1793 364 1878 Itaque
391 1791 538 1858 Odonem
567 1803 663 1892 atque
684 1792 888 1876 Herbertum,
917 1795 1003 1858 viros
1030 1791 1168 1858 illustres

69 1883 94 1938 et
111 1877 250 1960 potentia
271 1875 383 1959 claros,
405 1876 576 1960 advocans,
598 1900 643 1942 ers
659 1878 708 1942 sui
721 1878 789 1942 voti
804 1889 962 1943 secretum
977 1879 1089 1963 aperit.
1125 1877 1170 1942 Et
1280 1911 1282 1915 ·

69 1959 133 2042 quia
158 1959 255 2047 paulo
277 1971 350 2025 ante
378 1981 487 2024 eorum
512 1963 619 2047 patrui
643 1963 701 2028 abs
724 1984 764 2026 ue
792 1961 900 2028 liberis
922 1961 1063 2027 defuncti
1084 1972 1170 2026 terra

70 2045 176 2126 optima
203 2066 277 2108 cum
304 2044 431 2144 oppidis
458 2045 678 2110 munitissimis
700 1983 771 2110 illos
791 2044 964 2110 liberaliter
986 2046 1169 2127 donaverat,

69 2125 121 2190 isi
144 2150 222 2192 mox
251 2127 339 2192 domr
365 2126 560 2215 militiaeque
587 2151 657 2194 sese
683 2129 901 2214 paratissimos
929 2153 979 2194 res
1004 2128 1169 2193 onderunt.

71 2148 180 2289 tinibus
201 2213 383 2278 faventibus
404 2233 477 2276 cum
498 2235 557 2276 rex
579 2213 641 2278 sibi
661 2213 696 2276 in
716 2213 823 2277 animo
851 2225 939 2278 essee
988 2215 1102 2294 iceret,
1132 2219 1169 2274 ut

69 2291 220 2389 ¹Belgicam
252 2305 409 2382 repeteret
437 2319 570 2446 eanqquc
602 2295 791 2362 militaribus
823 2297 924 2443 copiis
957 2304 1167 2381 expugnaret,

69 2379 121 2462 1psi
145 2379 239 2445 huius
264 2381 311 2444 rei
337 2381 463 2444 initium
519 2381 627 2444 rrduni
653 2379 835 2445 faciendum
884 2381 987 2462 iount,
1016 2401 1054 2443 eo
1083 2377 1169 2464 quod

24 2523 25 2530 ,
69 2461 127 2546 ipsa
145 2465 356 2550 propinquior
376 2464 488 2528 civitas
517 2475 609 2540 esset,
637 2473 668 2529 et
689 2486 758 2528 sese
784 2463 885 2528 multa
911 2462 1075 2528 obsidione
1097 2484 1168 2526 eam

69 2565 271 2632 aggressuros,
299 2570 359 2613 nec
380 2571 534 2634 umquam
555 2549 596 2614 ab
619 2549 739 2613 canisi
760 2558 855 2635 capta
876 2568 1072 2629 recessuros,
1104 2568 1168 2645 qua

70 2643 150 2715 rapta
176 2643 208 2698 et
236 2641 434 2697 sacramento
460 2642 575 2719 atquee
605 2632 735 2698 obsidee
764 2633 833 2718 regi
863 2655 1004 2713 annexa,
1036 2632 1166 2696 ulterius

69 2733 275 2798 processuros,
304 2716 417 2780 tandiu
445 2718 541 2782 etiam
570 2727 747 2782 moraturos
769 2717 803 2781 in
823 2716 882 2782 Bel
906 2719 966 2800 ica,
988 2716 1089 2782 donec
1111 2725 1167 2780 aut

23 2817 24 2821 ’
70 2800 152 2864 armis
179 2811 392 2887 expugnetur,
419 2811 476 2865 aut
501 2802 580 2866 victi
607 2801 726 2887 Belgae
754 2803 807 2864 *in
837 2801 876 2866 de
902 2803 1030 2866 'donem
1058 2807 1299 2865 omnes‘f01·⁴1¹·

70 2887 225 2950 transeant.
268 2885 413 2966 Quorum
435 2887 605 2970 sponsione
627 2893 785 2971 suscepta,
807 2908 866 2950 rex
887 2908 960 2950 cum
981 2886 1060 2971 ipsis
1078 2906 1168 2948 exer·

23 2985 24 3056 ζ
71 2965 154 3034 tium
173 2991 252 3034 mox
273 2968 453 3034 Virdunum
475 2969 625 3034 admovit.
1066 2973 1069 2979 ’

365 3089 435 3158 101.
477 3089 614 3153 Virduni
635 3091 830 3176 expugnatio
838 3101 862 3153 ⁸.

23 3197 24 3267 ᾗ
140 3191 230 3272 Quae
252 3191 365 3256 civitas
388 3213 425 3256 eo
447 3191 511 3255 situ
531 3191 636 3276 posita
656 3199 713 3274 est,
734 3200 771 3254 ut
792 3212 812 3254 a
832 3191 934 3255 fronte
951 3189 1082 3276 planitie
1096 3213 1167 3276 per-

23 3283 24 3314 ³
71 3271 114 3335 via
131 3273 309 3340 meantibus
331 3295 495 3339 accessum
515 3273 661 3359 prebeat3
688 3297 708 3338 a
736 3275 845 3358 tergoll
866 3272 1093 3339 inaccessibilis
1117 3275 1166 3338 sit.

70 3352 112 3419 lbi
129 3361 212 3424 enim
234 3381 255 3422 a
277 3379 400 3423 summo
421 3359 456 3421 in
476 3360 654 3443 posteriora
675 3357 833 3444 profundo
854 3357 943 3421 hiatu
970 3359 1090 3422 circum
1113 3379 1168 3420 ua-

71 3460 120 3524 que
139 3443 337 3508 distenditur.
379 3442 432 3507 Ab
453 3441 655 3508 inferioribus
684 3463 760 3507 vero
781 3441 824 3506 ad
848 3463 1007 3505 summum
1034 3443 1107 3527 rupi
1130 3464 1167 3506 us

22 3537 23 3568 ¹
70 3527 214 3614 preruptis
241 3536 371 3592 artatur.
415 3525 506 3607 Quae
534 3547 599 3590 non
621 3525 722 3591 solum
744 3535 868 3591 scatens
888 3525 1028 3592 fontibus
1049 3527 1167 3613 puteis-

71 3627 128 3693 que,
148 3610 262 3676 incolis
283 3610 500 3693 accommoda,
523 3610 579 3675 sed
600 3619 640 3694 et,
662 3610 759 3675 fluvio
774 3611 867 3674 Mosa
880 3633 951 3676 eam
965 3611 1000 3674 ai
1014 3620 1167 3698 prerupta

19 3727 23 3758 s
70 3703 146 3772 parte
166 3695 325 3778 abluente,
346 3715 521 3760 nemorosa.
564 3694 631 3760 Ubi
652 3717 728 3780 ergo
750 3717 770 3758 a
789 3694 891 3760 fronte
912 3694 1076 3781 planitiem
1097 3717 1168 3782 pre·

22 3801 26 3893 q
69 3773 127 3860 fert,
153 3780 343 3878 'pugnatun'
363 3778 526 3843 machinas
547 3777 677 3844 bellicas
705 3780 830 3864 generis
858 3779 975 3845 diversi
1004 3789 1165 3866 aptavere.
1179 3793 1219 3847 ‘n
1237 3797 1289 3842 oro.

19 3896 26 3962 ,
71 3857 126 3926 Nec
146 3886 250 3928 mmus
272 3864 326 3949 qui
346 3863 380 3926 in
400 3860 480 3927 urbe
509 3872 599 3927 erant
618 3862 661 3928 ad
680 3863 892 3929 resistendum
920 3886 990 3929 sese
1018 3863 1168 3951 expedie-

22 4032 26 4076 Γ
70 3940 143 4010 bant.
183 3949 364 4032 Pugnatum
391 3957 438 4012 est
464 3945 593 4012 tandem
615 3948 634 4012 8
655 3945 754 4012 ferme
777 3949 935 4012 continuis
956 3945 1078 4013 diebus.
1120 3944 1166 4010 At

23 4143 27 4170 t
133 4108 143 4132 ⁸
161 4111 274 4177 Belgica
293 4116 372 4177 atque
392 4109 426 4164 G.
447 4111 471 4161 1.

24 4240 25 4262 ἢ
122 4235 142 4286 a)
157 4237 235 4293 sundt)
251 4249 343 4282 erasum.
409 4235 433 4288 b)
449 4237 498 4279 Alli
515 4259 541 4269 -
557 4241 596 4277 aut
609 4248 619 4276 e
634 4248 690 4277 corr.
758 4236 778 4289 c)
796 4242 835 4277 aut
850 4237 879 4277 tr.
896 4238 917 4276 1.
983 4234 1006 4288 d)
1024 4241 1047 4276 et
1062 4237 1166 4277 venientt

24 4319 25 4360 ,
73 4297 171 4336 exercitui
188 4302 209 4338 1.
282 4295 303 4348 e)
317 4301 368 4347 post
383 4297 433 4337 add.
508 4291 695 4348 l)0.hostts1.
769 4294 792 4346 g)
808 4297 835 4348 V,
857 4296 941 4338 eabae.
1014 4294 1038 4347 h)
1055 4299 1078 4336 et
1092 4296 1166 4336 latere

22 4377 26 4471 ι
74 4351 157 4402 utroque
171 4357 220 4398 aad.
238 4359 259 4398 1.
334 4357 351 4410 i)
369 4356 394 4396 in
410 4357 431 4398 1.
