2938 5016
329 394 363 444 76
590 391 743 444 RIOHERI
763 389 1014 454 HISTORIARUM
1033 390 1145 442 LIBER
1163 391 1201 443 ΙΙ.

266 561 439 646 1111111116ιι
470 560 679 645 mancipatus.
731 557 788 622 Ille
815 580 891 624 vero
919 580 971 621 me
999 558 1122 643 eripere
1150 555 1320 640 simulans,
1341 557 1431 622 lfilios

329 665 418 709 meos
447 644 517 709 iure
547 643 695 708 obsidum
725 642 847 706 dandos
876 641 1014 728 petebat.
1065 641 1110 706 At
1137 641 1177 706 iis
1206 643 1262 728 qui
1283 641 1361 704 mihi
1380 641 1432 706 fide

330 727 471 793 adiuncti
498 737 588 792 erant
617 739 747 791 61111161ο
778 725 868 790 dari⁰
896 725 1154 808 reclamantibus,
1176 725 1309 790 dimisso
1331 748 1433 807 uno,s

329 812 441 898 piratis
463 833 514 876 me
535 833 607 876 rece
632 811 666 875 it.
710 811 780 875 lam
801 808 980 874 libertatem
1003 831 1144 894 sperans,
1167 831 1231 895 quo
1250 811 1373 874 animus
1385 811 1432 873 im-

329 893 461 982 pelleret
486 896 533 960 ire
562 833 719 960 voldbam.
763 893 885 958 Verum
914 891 1004 958 aliter
1033 895 1218 978 provenisse
1244 895 1433 958 manifestum

330 989 386 1045 est.
444 977 527 1042 Nam
565 987 694 1064 captum
727 1000 804 1042 mox
840 979 874 1042 in
906 975 1037 1042 vincula
1068 979 1225 1042 coniecit‘l
1252 1001 1293 1042 ac
1320 977 1433 1042 annuali

330 1063 450 1128 carceri
472 1062 668 1148 mancipavit
676 1063 699 1126 7.
750 1061 845 1128 Unde
868 1083 942 1126 cum
963 1084 983 1125 a
1005 1062 1148 1146 cognatis
1178 1069 1210 1126 et
1232 1063 1346 1126 anriois
1366 1062 1433 1125 meis

329 1147 396 1212 indi
444 1145 592 1212 antibus⁰
613 1167 683 1210 sese
705 1144 923 1231 impetendum
945 1145 1131 1227 adverteret,
1154 1143 1355 1211 libertatem⁰
1376 1167 1434 1230 spo-

354 1169 462 1296 anilis
498 1231 525 1294 si
551 1229 745 1295 Laudunum
771 1231 934 1314 acciperet
942 1229 959 1293 l.
1002 1229 1075 1294 Hoc
1112 1239 1234 1294 tantum
1266 1229 1434 1304 claudebar,

329 1253 391 1380 lloc
425 1335 490 1378 soo
525 1336 598 1378 cum
630 1335 731 1378 uxore
764 1323 795 1380 et
826 1313 909 1378 natis
936 1314 1001 1377 reci
1025 1313 1122 1378 iebar.
1174 1313 1263 1394 Quid
1289 1312 1435 1379 facerem?

332 1398 446 1465 Castro
468 1399 568 1464 vitam
590 1398 751 1484 preposui.
795 1398 857 1462 Pro
881 1407 985 1460 castro
1002 1335 1184 1462 libertatem
1204 1399 1319 1463 merui.
1351 1398 1391 1461 Et
1404 1419 1434 1460 en

213 1482 481 1548 mouruomnibus
513 1483 673 1569 privatus,
707 1482 850 1546 omnium
880 1502 975 1580 opem
1007 1479 1163 1566 deposco!
1207 1481 1291 1546 *His
1323 1483 1350 1546 si
1379 1481 1434 1546 dux

332 1567 489 1633 contraire
505 1566 630 1648 audeat,
642 1566 734 1631 nobis
749 1574 873 1630 tantum
889 1564 1090 1650 angulariter
1105 1567 1377 1650 congrediendum
1388 1567 1433 1629 sit‘.

542 1669 592 1733 74.
628 1669 765 1733 Oratio&
786 1665 955 1732 Rotbertiss
980 1688 1039 1752 pro
1060 1665 1237 1735 Ludorico.

416 1770 562 1851 Quibush
594 1770 702 1856 palam
724 1768 951 1869 promulgatis,
984 1767 1155 1834 Rotbertus
1184 1768 1434 1868 metropolitanus

332 1854 502 1920 subinfert:
526 1855 715 1936 ‘Quoniam'‚
731 1854 887 1940 mquiens,
910 1853 1028 1916 ‘domni
1043 1863 1139 1938 atque
1155 1855 1351 1918 serenissimi
1365 1853 1434 1937 regis

332 1939 408 2003 satis
430 1937 570 2002 breviter
591 1959 629 2002 ac
651 1935 790 2002 dilucide
812 1937 978 2022 digestam,
1002 1938 1131 2035 optime,
1153 1946 1189 2001 ut
1206 1937 1355 2020 arbitror,
1376 1959 1434 1999 con-

332 2023 531 2109 questionem
552 2022 764 2108 percepimus,
789 2043 985 2107 consequens
1006 2019 1141 2103 v1detur,
1164 2031 1200 2085 ut
1220 2023 1291 2086 eius
1311 2043 1434 2098 causam,

330 2108 364 2171 in
387 2115 540 2194 quantum
563 2105 611 2170 fas
634 2115 690 2186 est,
721 2105 977 2171 determinemus.
1027 2103 1107 2168 Dux
1134 2127 1210 2204 ergo
1239 2107 1318 2192 quia
1345 2105 1435 2170 omnia

330 2213 413 2278 pene
440 2191 531 2276 regni
558 2191 628 2254 iura
656 2190 690 2252 in
713 2211 781 2254 sese
803 2188 981 2271 transfudit,
1012 2189 1040 2253 ei
1064 2211 1104 2252 ue
1126 2187 1248 2252 vir1bus
1268 2187 1364 2254 'reniti
1383 2210 1435 2251 non

330 2274 483 2357 valemus,
511 2276 619 2340 mitius
650 2274 711 2338 hoc
739 2272 993 2358 attemptandum
1021 2211 1167 2352 albitror,
1195 2281 1231 2337 ut
1259 2275 1316 2373 qui
1344 2273 1434 2337 Deum

329 2382 394 2424 non
414 2361 527 2425 metuit
555 2371 587 2426 et
614 2357 776 2422 hominem
802 2380 866 2421 non
894 2367 1065 2438 reveretur,
1093 2356 1192 2422 multa
1217 2367 1342 2423 ratione
1369 2355 1434 2419 mul-

329 2453 425 2528 taque
447 2465 553 2507 rerum
580 2441 832 2508 consideratione
859 2440 901 2506 ad
928 2462 1073 2504 normam
1095 2441 1166 2505 Deo
1195 2443 1329 2507 iuvante
1357 2440 1434 2505 redu·

330 2535 429 2592 catur.
485 2527 588 2610 Igitur
619 2527 710 2590 iuxta
736 2536 864 2612 patrum
893 2523 1022 2589 decreta
1051 2533 1082 2588 et
1114 2546 1273 2590 canonum
1306 2525 1434 2610 regulam

329 2611 476 2695 inprimis
499 2609 542 2672 ad
562 2609 810 2674 satisfactionem
829 2609 967 2674 fraterne
990 2608 1179 2673 monendusi
1209 2619 1258 2674 est
1278 2610 1434 2694 verbisque

330 2694 480 2758 suasoriis
514 2691 555 2755 ad
587 2691 621 2757 id
653 2693 885 2760 modestissime
918 2691 1146 2758 revocandusk.
1198 2694 1296 2774 Quod
1323 2696 1350 2758 si
1375 2699 1434 2777 post

329 2775 481 2842 blandam
514 2777 726 2841 revocationis
753 2777 1014 2841 ammonitionem
1046 2778 1248 2861 resipiscere¹
1274 2777 1434 2852 noluerim,

330 2862 473 2926 omnium
505 2860 705 2926 anathemate
737 2861 884 2943 feriatur3
917 2860 978 2924 hoc
999 2859 1152 2925 habentes
1180 2862 1334 2948 presidio,
1363 2855 1434 2946 quod

329 2945 395 3009 iam
423 2966 443 3007 a
472 2943 589 3009 domno
620 2967 707 3030 papa
737 2954 899 3010 correctus
929 2945 970 3008 sit
997 2945 1166 3030 iussusque
1195 2969 1215 3010 a
1244 2945 1367 3010 domini
1396 2941 1435 3005 sui

331 3028 541 3093 insectatione
564 3029 744 3115 quiescere'.

484 3129 533 3194 75.
566 3130 768 3216 Responsion
789 3131 928 3194 Marini¹¹
950 3128 1046 3214 legati
1068 3143 1149 3215 pron
1172 3131 1296 3196 codem.

414 3230 521 3319 Atque
543 3231 591 3296 his
614 3232 749 3296 domnus
771 3231 914 3296 Marinus
937 3231 1117 3297 subiunxit:
1153 3232 1379 3314 ‘Reminiscor’,
1399 3231 1434 3292 in-

330 3317 452 3404 quiens,
475 3317 638 3380 ‘domnum
659 3337 780 3401 papam
801 3325 874 3380 ante
896 3315 981 3379 hunc
1003 3338 1122 3380 annum
1143 3317 1316 3383 anathema
1329 3319 1362 3382 in
1375 3333 1434 3378 reos

329 3402 464 3483 misisse,
488 3402 544 3488 qui
565 3399 650 3464 hunc
673 3398 837 3464 dominum
860 3409 892 3464 et
911 3422 1021 3485 regem
1035 3400 1233 3465 Francorum
1248 3400 1435 3467 insectaban-

328 3493 397 3567 tur3
429 3483 597 3570 epistolam
627 3505 690 3569 quo
713 3506 753 3548 ue
782 3485 967 3566 suasoriam,
993 3493 1029 3547 ut
1058 3483 1099 3548 ab
1127 3505 1165 3548 eo
1194 3506 1259 3549 non
1288 3485 1434 3558 deficiant,

328 3568 421 3633 bonis
444 3566 638 3652 quibuslibet
660 3505 848 3666 deiegamm,
870 3577 966 3653 atque
988 3569 1249 3653 conquestionem
1268 3570 1309 3634 de
1335 3566 1434 3633 eadem
1458 3569 1459 3614 ἶ

329 3671 364 3714 16
385 3649 497 3714 litteris
520 3672 706 3735 expressam
727 3673 767 3715 ns
790 3650 906 3738 quibus
929 3652 1036 3715 sanior
1057 3673 1147 3716 mens
1170 3662 1238 3717 erat
1266 3653 1433 3738 delegatam
1458 3647 1459 3670 ¹

328 3734 437 3796 fuisse.
481 3731 576 3798 Unde
599 3743 630 3798 et
652 3737 766 3821 opinor
786 3737 958 3800 iustissime
980 3735 1112 3818 dictum,
1134 3757 1208 3800 cum
1229 3747 1306 3802 ante
1327 3759 1347 3800 a
1360 3751 1434 3821 papa
1458 3777 1459 3798 i

328 3824 462 3881 vocatus
483 3827 579 3903 atque
608 3829 767 3884 correctus
797 3821 866 3903 sit¹,
899 3841 984 3885 nunc
1015 3841 1141 3906 quoque
1171 3821 1312 3885 caritatis
1344 3815 1434 3906 gratia

327 3899 527 3968 revocandus
554 3910 602 3966 est
622 3911 654 3966 et
668 3901 910 3988 diligentissima
925 3904 1081 3992 suasione,
1103 3913 1138 3968 ut
1152 3926 1172 3968 a
1187 3903 1279 3968 malis
1295 3906 1434 3991 quiescat,

387 4043 410 4097 s)
426 4056 570 4096 perannum
586 4047 637 4089 add.
655 4048 675 4086 1.
734 4045 758 4099 b)
775 4048 931 4090 deosculat.
993 4045 1144 4099 6))161111111.
1205 4047 1229 4102 d)
1246 4050 1369 4090 66111611-
1382 4052 1434 4084 man-

327 4104 390 4155 cipat
406 4108 427 4146 1.
495 4103 517 4158 6)
540 4106 678 4158 renuunt,
701 4117 759 4148 corr.
777 4109 797 4148 11,
866 4105 884 4159 1)
905 4107 1005 4158 spondet
1025 4128 1051 4138 -
1074 4108 1173 4158 accipiat
1189 4110 1210 4148 1.
1277 4107 1301 4159 a)
1324 4108 1362 4159 01,
1383 4100 1432 4143 bsrtl

327 4164 383 4206 abac.
459 4161 483 4216 h)
504 4165 568 4205 codsa
587 4165 632 4204 alto
648 4170 775 4214 atramento,
790 4165 889 4216 sortasse
910 4167 955 4206 atto
973 4167 1045 4217 parps’t
1060 4177 1128 4207 arona
1143 4165 1310 4220 (amanuensis).
1373 4161 1389 4214 l)
1402 4168 1432 4198 ¹⁰·

328 4223 416 4263 candus
433 4225 453 4262 1.
528 4222 553 4275 11)
570 4225 714 4265 revocandos
731 4227 752 4266 1.
819 4223 837 4276 1)
851 4225 994 4276 resipescare
1012 4228 1032 4267 1.
1108 4223 1140 4278 111)
1157 4227 1226 4267 tertia
1241 4225 1310 4267 halus
1321 4221 1391 4267 sinodi
1402 4217 1433 4258 dfe

327 4282 378 4320 add.
395 4283 416 4323 1.
477 4279 501 4332 n)
518 4282 573 4334 Res,
588 4283 633 4336 Ma,
650 4293 692 4333 pro
708 4294 736 4326 eo
752 4283 809 4324 absa.

404 4375 430 4438 1)
452 4390 490 4426 sc.
509 4376 600 4442 Hugo.
