2936 5010
320 411 372 462 102
455 431 457 436 ·
589 405 740 458 lamnam
760 403 1011 457 mercarentur
1028 405 1140 458 LIBER
1158 407 1212 458 111.

320 578 553 662 Horatiumque
595 575 755 655 satiricos,
796 573 961 637 Lucanum
997 574 1094 638 etiam
1129 573 1414 660 historiographum.

323 663 446 744 Quibus
478 657 671 724 assuefactos
707 657 966 744 locutionumque
1008 657 1113 722 modis
1156 660 1347 745 compositos
1381 657 1415 722 ad

320 745 530 812 rhethoricam
551 741 741 808 transduxit.

533 865 584 930 48.
619 862 684 929 Gur
704 863 770 928 eis²
792 861 988 948 sophistam·
1009 861 1222 928 adhibuerit&

405 967 478 1049 Qua
491 967 650 1032 instructis
666 965 840 1052 sophistam
859 963 1020 1048 adhibuit3
1042 965 1129 1050 apud
1151 987 1248 1052 quem
1262 967 1295 1030 in
1310 973 1416 1028 contro-

321 1053 432 1118 versiis
455 1061 687 1132 exercerentur,
709 1071 747 1112 ac
769 1049 815 1112 sic
836 1070 879 1113 ex
900 1059 967 1114 arte
988 1059 1129 1134 agerent,
1151 1059 1187 1114 ut
1208 1058 1313 1134 preter
1330 1058 1416 1112 artem

320 1157 416 1222 agere
436 1134 629 1217 viderentur,
652 1133 739 1220 quod
761 1134 895 1198 oratoris
916 1134 1095 1198 maximum
1109 1133 1244 1198 videtur.
1275 1131 1339 1198 Sed
1352 1132 1417 1198 haec

322 1219 361 1285 de
382 1218 496 1306 logica.
547 1217 586 1282 In
615 1217 749 1282 mathesi
776 1239 851 1282 vero
879 1227 1015 1304 quantus
1044 1215 1141 1282 sudor
1170 1217 1350 1303 expensusb
1377 1217 1417 1296 sit,

321 1327 385 1370 non
407 1305 616 1389 incongruum
643 1301 747 1366 dicere
776 1301 912 1369 videtin.
959 1301 1202 1367 Arithmeticam
1229 1303 1323 1384 enim,
1350 1322 1417 1387 quae

322 1399 370 1454 est
391 1387 567 1480 matheseos
588 1388 701 1473 prima,
723 1385 867 1470 inprimis
889 1385 1050 1470 dispositis
1072 1385 1333 1452 accommodavit

405 1507 456 1573 49.
490 1507 554 1589 Qui
576 1505 686 1572 lahor⁰
709 1507 738 1570 ei
760 1505 793 1570 in
816 1505 1069 1570 mathematicis⁰
1091 1507 1255 1592 impensus
1278 1507 1347 1571 sita

406 1609 485 1676 Inde
501 1612 596 1675 etiam
613 1609 778 1690 musicam,
800 1606 898 1672 multo
913 1617 987 1672 ante
1004 1606 1117 1672 Galliis
1132 1609 1286 1694 ignotam,
1308 1607 1418 1673 notissi-

323 1717 408 1760 mam
430 1694 543 1759 effecit.
587 1691 686 1758 Cuius
708 1713 826 1778 genera
846 1692 880 1756 in
901 1691 1095 1757 monocordo
1118 1691 1300 1792 disponens,
1324 1713 1418 1759 eorum

324 1779 545 1844 consonantias
568 1777 634 1842 sive
656 1777 715 1840 sim
740 1775 852 1840 honias
873 1777 906 1840 in
928 1777 1011 1840 tonis
1038 1798 1075 1840 ac
1103 1779 1287 1860 semitoniis,
1316 1776 1418 1842 ditonis

325 1884 450 1948 quoque
478 1883 515 1925 ac
541 1859 681 1925 diesibus
711 1800 919 1946 distinguens,
947 1867 1102 1960 tonosque
1128 1862 1162 1924 in
1190 1863 1276 1926 sonis
1297 1863 1419 1926 rationa-

323 1943 428 2010 biliter
450 1944 651 2022 distribuens,
674 1945 708 2007 in
728 1942 944 2030 plenissimam
966 1945 1111 2009 notitram
1132 1943 1267 2030 redegit.

201 2110 312 2156 mm..
551 2065 601 2131 50.
638 2063 799 2150 *Speraed
821 2063 961 2130 solidaed
984 2067 1170 2152 compositio
1179 2068 1203 2133 ἃ.

406 2167 500 2234 Ratio
542 2189 617 2232 vero
659 2170 870 2234 astronomiae
912 2177 1029 2256 quanto
1065 2168 1180 2234 sudore
1217 2167 1346 2234 collecta
1380 2168 1419 2247 sit,

324 2251 448 2320 dicere⁰
470 2251 580 2318 inutile
602 2273 666 2318 non
689 2263 745 2335 est,
768 2264 803 2318 ut
824 2263 856 2318 et
876 2253 955 2317 tanti
983 2253 1044 2317 viri
1071 2254 1229 2338 sagacitas
1251 2252 1420 2318 advertatur

324 2347 355 2403 et
377 2339 453 2402 artis
476 2335 636 2402 efficaciar
657 2336 758 2402 lector
779 2336 1035 2401 commodissime
1058 2339 1211 2486 capiatur.
1255 2337 1343 2418 Quae
1360 2357 1419 2399 cum

349 2444 407 2488 ene
428 2419 651 2486 intellectibilis
674 2421 723 2504 sit,
750 2429 878 2484 tamena
898 2443 962 2486 non
985 2421 1051 2486 sine
1073 2442 1093 2484 a
1116 2422 1283 2486 miratione
1305 2420 1419 2508 quibus·

324 2445 398 2569 dam
419 2505 634 2570 instrumentis
662 2503 703 2569 ad
730 2525 766 2568 co
813 2505 942 2570 itionem
969 2505 1132 2570 adduxit1.
1175 2505 1326 2591 Inprimis
1347 2504 1417 2569 enim

325 2588 435 2652 mundi
467 2609 593 2673 speram
626 2611 667 2652 cx
699 2587 800 2652 solio
832 2609 869 2652 ac
901 2589 1036 2653 rotundo
1063 2589 1086 2653 li
1132 2611 1150 2654 o
1183 2597 1418 2675 argumentatus,
1456 2603 1457 2642 t

210 2697 248 2752 ψ,
265 2702 316 2744 aa,
326 2673 475 2736 *minoris
497 2670 700 2737 similitudine
721 2673 874 2736 maiorem
889 2675 1055 2758 expressit.
1078 2612 1183 2756 {iiam
1199 2688 1293 2737 cum⁰
1308 2673 1418 2738 duobus

325 2755 407 2842 polis
440 2757 492 2819 inh
525 2757 663 2822 orizonte
697 2755 890 2842 obliquaret,
927 2758 1019 2842 signa
1055 2758 1325 2844 septemtrionalia
1356 2755 1418 2842 polo

325 2841 470 2905 erectiori
503 2837 604 2922 dedit,
640 2839 789 2906 australia
819 2863 894 2906 vero
928 2840 1090 2906 deiecticri
1125 2841 1279 2907 adhibuit.
1333 2842 1419 2906 (iuius

349 2925 515 2989 ositionem
537 2946 573 2989 eo
597 2924 714 2989 circulo
741 2926 833 3006 rexit,
856 2925 911 3011 qui
933 2925 1092 2991 aGrecis¹
1115 2926 1224 2990 orizon
1234 2938 1255 3010 ²,
1278 2949 1298 2990 a
1311 2923 1418 2990 Latinis

324 2946 463 3073 limitans
493 3010 559 3074 sive
588 3007 801 3075 determinans
827 3007 1014 3095 appellatur,
1043 3031 1081 3074 eo
1109 3011 1195 3096 quod
1223 3012 1257 3074 in
1284 3033 1319 3075 eo
1342 3010 1419 3094 signa

347 3114 407 3158 uae
422 3091 570 3156 videntur
591 3092 696 3158 abhis
712 3115 794 3180 quae
815 3115 880 3157 non
901 3093 1049 3158 videntur
1070 3094 1245 3180 distinguat
1258 3117 1298 3159 ac
1311 3093 1418 3158 limitet
1455 3127 1456 3180 ᾗ

326 3115 398 3257 ilua
418 3178 451 3240 in
473 3178 612 3242 orizonte
628 3178 694 3242 sict
716 3175 880 3259 collocate,
901 3187 938 3241 ut
953 3188 1103 3244 scortum
1119 3189 1151 3244 et
1165 3201 1315 3243 occasum
1330 3179 1419 3262 signo·
1455 3195 1456 3244 l

324 3283 396 3325 rum
417 3261 535 3327 utiliter
556 3283 594 3324 ac
615 3259 822 3362 probabiliter
843 3261 1085 3344 demonstraret,
1106 3285 1214 3328 rerum
1228 3271 1354 3327 naturas
1367 3260 1419 3324 dis-

349 3347 436 3410 ositis
468 3347 639 3411 insinuavit
666 3346 864 3430 instituitque
891 3345 924 3409 in
950 3347 1113 3430 signorum
1142 3347 1419 3432 comprehensione.

324 3367 407 3495 llam
438 3438 581 3516 tempore
613 3441 767 3494 nocturno
803 3428 989 3494 ardentibus
1022 3429 1119 3496 stellis
1157 3453 1287 3517 operam
1323 3430 1419 3506 dabat

324 3515 511 3600 agebatque,
539 3522 575 3578 ut
602 3536 656 3578 eas
684 3515 718 3578 in
746 3513 857 3578 mundi
885 3513 1068 3600 regionibus
1097 3513 1230 3581 diversis
1258 3514 1420 3602 obliquatas

325 3607 390 3662 tam
412 3598 445 3660 in
468 3607 538 3661 ortu
560 3619 656 3682 quam
677 3599 711 3660 in
733 3619 850 3662 occasu
871 3607 1025 3664 notarent

456 3717 506 3781 51.
539 3715 797 3782 Intellectiliuml
820 3716 1010 3784 circulorum
1032 3719 1310 3805 comprehensiol.

409 3815 528 3882 Oirculi
549 3840 675 3906 quoque
697 3819 753 3906 qui
774 3821 938 3886 aGrrecisi
961 3819 1131 3908 paralleli³,
1147 3821 1303 3887 aLatinis
1327 3815 1421 3904 aequi-

325 3909 442 3966 stantes
465 3901 623 3982 diountur,
646 3926 725 3990 quos
747 3906 843 3968 etiam
864 3903 1084 3991 incorporales
1112 3927 1181 3971 esse
1209 3905 1340 3972 dubium
1365 3923 1422 3966 non

324 3994 380 4069 est,
407 3987 467 4051 hac
493 3985 534 4052 ab
563 4009 600 4052 eo
629 4000 695 4052 arte
718 3989 939 4074 comprehensi
967 3999 1149 4055 noscuntur.
1200 3991 1317 4055 Effecit
1342 3986 1421 4053 semi-

325 4069 477 4136 circulum
511 4083 598 4138 recta
633 4071 787 4137 diametro
823 4073 972 4138 divisum.
1025 4073 1090 4139 Sed
1125 4073 1208 4140 hanc
1245 4074 1421 4140 diametrum

383 4197 455 4251 rats,
470 4209 514 4251 am,
531 4199 645 4241 srttutrr.
721 4198 745 4252 b)
763 4200 829 4240 datus
846 4203 865 4241 1.
941 4199 962 4253 c)
985 4202 1035 4252 bor,
1056 4202 1132 4254 amati,
1153 4203 1172 4242 lt
1192 4202 1249 4242 abac.
1320 4199 1342 4252 d)
1361 4209 1377 4248 ε,
1392 4206 1454 4244 ⁸⁰1¹

325 4267 390 4306 comp
406 4258 462 4300 abac.
521 4257 614 4324 Quen
630 4259 680 4302 add.
741 4257 877 4311 Qeisscatia
892 4271 949 4300 corr.
967 4260 1078 4303 efficacia.
1140 4258 1164 4312 g)
1181 4272 1204 4302 n.
1220 4266 1236 4302 t.
1254 4262 1273 4302 1.
1332 4257 1421 4311 h)1110·

323 4331 347 4370 in
369 4343 436 4382 nrm-p.
488 4335 507 4387 i)
522 4335 568 4382 gris
576 4337 594 4382 1,
611 4341 629 4376 et
644 4338 676 4375 itu
691 4337 793 4386 deinceps,
810 4337 867 4386 quoa
883 4336 951 4378 Grais
966 4339 1007 4388 aas
1018 4343 1099 4388 possa.
1145 4335 1420 4392 k)1n,it,compraatsr.

400 4424 427 4492 1)
448 4427 489 4478 Cf.
509 4427 631 4480 Gerbarti
654 4433 792 4497 epistolam
819 4431 992 4485 Constantino
1018 4434 1108 4486 datam
1134 4450 1177 4503 ap.
1202 4435 1298 4488 Olleris
1322 4451 1347 4502 p.
1363 4429 1420 4480 479·

326 4492 354 4562 2)
367 4489 476 4568 ‘opticen
570 4499 599 4567 3)
617 4497 790 4574 παράλληλοι.
