2936 5010
326 390 377 440 122
572 388 724 442 monam
743 387 992 442 HISTORIABUM
1010 389 1122 442 LIBER
1140 390 1192 444 111.

217 571 315 628 Ἱππ.
408 557 459 622 97.
490 555 568 622 *Oui
590 555 738 622 defuncto
760 555 844 621 filius
866 557 1076 644 quinquennis
1092 556 1168 623 Otto
1184 565 1343 644 superstes
1357 566 1422 620 erat

265 633 431 722 ⁹⁸³·Quem
452 641 535 726 patri
556 641 725 706 succedere
743 641 776 704 in
797 663 945 726 regnum,
973 662 1045 706 cum
1066 640 1187 727 aliquot
1208 642 1359 728 primates
1377 662 1422 704 vo-

325 724 465 806 luissent,
494 723 527 788 id
554 724 595 790 ab
623 722 783 810 aliquibus
812 725 1041 790 contradictum
1071 734 1127 790 est.
1176 725 1304 811 Ingenti
1329 734 1423 789 tamen

266 810 442 874 asavirtute
462 808 614 896 variaque
634 809 760 874 fortuna
781 809 832 873 ei⁸
846 831 979 894 regnum
993 819 1105 895 postea
1118 817 1321 895 paraverunt.
1350 807 1423 872 Nam

325 891 447 974 Heail0,
469 893 554 978 regis
575 891 671 1040 ppulo
692 902 765 958 ante
787 891 926 958 defuncti
946 891 1108 979 patruelis,
1130 893 1184 980 qni
1203 892 1309 957 adhuc
1321 893 1354 956 in
1367 914 1422 956 car·
1453 899 1454 928 ³

325 1000 398 1044 cere
418 977 544 1042 vinctus
565 998 585 1039 a
629 998 666 1042 eo
688 976 863 1060 tenebatur,
884 999 922 1042 eo
945 975 1032 1076 quod
1045 976 1198 1042 adversus
1216 999 1289 1041 eum
1303 998 1423 1061 regnum

325 1069 499 1148 appeteret,
545 1081 693 1126 ravomm
716 1059 797 1125 dolis
819 1061 852 1124 in
872 1062 1042 1148 permtiem
1063 1062 1110 1126 rei
1157 1059 1283 1126 ublicae
1311 1059 1423 1144 elapsus

326 1157 358 1212 et
379 1167 514 1244 quorum
558 1167 590 1208 m
611 1143 839 1210 munitionibus
861 1166 931 1212 rece
955 1155 1007 1210 tus
1028 1155 1085 1210 est.
1152 1145 1233 1210 irae
1256 1167 1296 1210 ue
1310 1155 1344 1210 ut
1358 1144 1423 1210 Otto

325 1227 451 1312 nobrlis,
481 1250 614 1315 corpore
641 1228 779 1314 eleganti
800 1249 838 1293 ac
859 1167 977 1310 validb,
1005 1228 1133 1294 honoris
1159 1167 1294 1315 cupidus
1315 1227 1384 1292 acf
1415 1267 1423 1275 -

326 1315 438 1396 tiosus3
460 1313 566 1377 animo
587 1321 687 1394 vasto,
710 1313 767 1378 sed
786 1311 900 1378 fallaci.
935 1313 998 1378 Hic
1012 1312 1166 1398 regnandi
1180 1312 1305 1394 avidus,
1327 1333 1423 1376 omnes

327 1396 497 1482 sacrilegos
518 1407 573 1462 aut
587 1395 706 1462 inditiis
721 1398 892 1479 convictos,
916 1398 983 1463 sive
998 1398 1094 1462 etiam
1108 1419 1166 1483 pro
1181 1396 1275 1462 lactis
1290 1396 1423 1461 iuditium

326 1483 474 1548 timentes
483 1493 506 1562 ¹,
527 1489 686 1567 postremo
710 1503 819 1546 omnes
841 1479 863 1544 fl
907 1482 1026 1564 itiosos,
1049 1503 1128 1568 quos
1150 1483 1298 1546 conscius
1313 1483 1423 1544 animus
1454 1521 1455 1582 ,

326 1563 520 1652 exagitabat,
546 1563 608 1630 sibi
635 1565 799 1650 proximos
820 1587 857 1629 ac
891 1564 1049 1630 amiliares
1069 1565 1153 1630 fecit.
1203 1564 1329 1630 'l'alium
1355 1561 1424 1628 dolis
1454 1607 1455 1620 ,

327 1651 411 1748 regis
444 1648 584 1714 defrmcti
616 1650 818 1736 superstitem
849 1647 950 1714 filium
979 1649 1130 1715 Ottoncm
1162 1670 1298 1735 parvum
1323 1648 1424 1733 rapuit,

328 1755 396 1800 e1us
417 1731 487 1796 loco
510 1755 579 1797 sese
600 1743 805 1818 regnaturum
826 1741 923 1796 ratus.
966 1733 1113 1818 Regnum
1135 1755 1210 1819 ergo
1235 1734 1282 1798 sic
1296 1733 1329 1796 in
1342 1753 1424 1796 suum

327 1818 378 1882 ius
408 1815 554 1881 refundil
586 1814 753 1898 arbitrans,
787 1825 947 1902 sceptrum
976 1827 1008 1883 et
1034 1839 1184 1882 coronam
1213 1816 1276 1881 sibi
1304 1815 1423 1903 paravit.

330 1899 425 1980 Quod
453 1898 529 1962 dum
556 1920 575 1962 a
599 1899 750 1965 Lothario
777 1901 990 1986 expetendum
1018 1901 1171 1986 cogitaret
1201 1923 1335 1986 eumque
1362 1919 1423 1962 con-

329 2004 420 2048 cessa
440 1982 570 2068 Belgica
591 1982 652 2048 sibi
673 1985 789 2049 sotium
806 1995 837 2049 et
851 1985 988 2048 amicum
1002 1984 1107 2050 facere
1121 1983 1295 2066 moliretur,
1315 1983 1422 2067 legatos

328 2068 481 2155 premisit,
504 2066 590 2153 apud
612 2089 692 2154 quos
714 2077 912 2134 sacramento
934 2080 1117 2133 communec
1138 2070 1309 2167 negocium
1332 2067 1422 2130 firma

328 2161 431 2236 retur3
462 2173 524 2238 quo
555 2151 651 2216 etiam
681 2161 878 2218 sacramento
905 2153 1031 2239 utrique
1059 2175 1092 2218 re
1117 2175 1151 2217 es
1172 2152 1233 2218 s1bi
1254 2151 1421 2240 polliceren-

328 2245 389 2320 tur,
411 2258 480 2301 sese
503 2258 598 2322 super
619 2237 765 2301 Rhenum
785 2235 856 2301 loco
879 2239 1048 2302 constituto
1072 2175 1133 2302 sibi
1154 2257 1341 2301 occursuros
1350 2246 1369 2297 ¹.
1455 2243 1456 2314 l

412 2322 462 2387 98.
507 2321 630 2402 Quibus
652 2343 710 2406 per
730 2319 852 2405 legatos
873 2321 992 2403 iuratis,
1021 2319 1190 2385 Lotharius
1211 2329 1353 2406 tempore
1372 2327 1422 2382 sta·
1455 2317 1456 2332 ¹

327 2413 397 2470 tuto
429 2427 502 2470 cum
535 2408 677 2472 exercitu
708 2426 766 2491 per
797 2403 961 2490 Belgicam
991 2406 1155 2482 transiens,
1189 2405 1251 2468 ne‘1
1279 2412 1422 2468 teneretur

329 2489 519 2554 sacramenti
545 2488 711 2568 obnoxius,
741 2487 782 2552 ad
810 2487 916 2552 locum
937 2488 1041 2554 Rheni
1069 2488 1249 2554 condictum
1278 2487 1421 2552 devenitt

328 2571 441 2636 Hezilo
475 2594 544 2637 sese
576 2582 719 2638 metuens
750 2572 784 2636 in
816 2573 1022 2658 suspitionem
1053 2573 1234 2658 principum
1260 2573 1374 2654 venire,
1401 2569 1421 2630 si

329 2655 478 2720 Lotbario
501 2667 690 2738 occurreret,
711 2658 779 2720 acsi
800 2679 872 2722 eum
893 2656 927 2720 in
940 2658 1231 2742 regnumreoipere
1245 2655 1346 2737 vellet,
1365 2674 1421 2739 per·

329 2739 403 2804 iurii
423 2762 506 2822 reus,
528 2759 692 2804 occurrere
708 2739 844 2806 distulit.
874 2739 1042 2804 Lotharius
1063 2763 1097 2805 se
1118 2739 1247 2804 illusum
1261 2740 1421 2814 advertens,
1456 2795 1457 2816 ,

328 2823 432 2904 rediit,
465 2845 529 2887 non
557 2831 664 2888 tamen
691 2825 758 2888 sine
787 2822 925 2888 difficilis
955 2823 1072 2889 laboris
1100 2825 1312 2889 incommodo.
1352 2821 1421 2886 Nam
1456 2829 1457 2888 l

328 2905 456 2992 Belgae,
471 2929 530 2994 per
544 2929 677 3006 quorum
692 2907 833 2972 medium
848 2929 921 2972 cum
936 2909 1077 2994 equitatu
1090 2909 1266 2990 transierat,
1282 2908 1346 2973 indi
1403 2903 1421 2966 li

328 2992 495 3074 transisse,
527 3013 596 3056 vias
624 2992 822 3078 transpositis
849 2991 1016 3058 arboribus
1043 2991 1230 3079 impediunt,
1263 3003 1319 3058 aut
1345 2988 1421 3068 ,ossis

329 3076 475 3140 inmersis
503 3085 695 3142 revertentes
718 3075 903 3162 prohibent;
934 3098 999 3140 non
1020 3087 1056 3142 ut
1076 3085 1186 3162 aperto
1215 3098 1329 3163 campo
1352 3093 1421 3138 oon-

329 3161 434 3224 minus
456 3159 615 3243 dimicent,
638 3160 693 3225 sed
715 3159 819 3224 uthis
842 3160 1080 3246 impedimentis
1102 3169 1286 3225 cunctantes
1307 3182 1326 3222 a
1346 3170 1420 3239 tergo

327 3252 472 3329 urgeant,
493 3253 547 3308 aut
567 3245 723 3309 montium
742 3244 827 3328 iugis
849 3245 962 3325 securi,
983 3245 1060 3329 perf
1074 3243 1222 3309 inferiora
1240 3250 1422 3308 transeuntes

328 3327 499 3394 missilibus
532 3327 640 3427 figant.
690 3327 733 3391 Et
782 3329 835 3391 uia
863 3337 974 3414 aperta
1001 3328 1103 3394 fronte
1134 3337 1216 3392 stare
1246 3330 1350 3392 animo
1371 3344 1421 3388 non

328 3413 399 3493 suit,
420 3434 455 3476 sa
480 3413 576 3478 'ttari1
597 3434 669 3476 cum
691 3349 828 3476 arcubus
849 3422 881 3476 et
902 3411 1023 3477 balistis
1044 3435 1102 3512 per
1122 3421 1273 3476 montana
1295 3405 1423 3498 dispositi

330 3506 412 3560 sunt.
488 3520 544 3560 um
565 3518 642 3582 ergo
672 3497 829 3560 exercitus
851 3496 981 3575 subiret,
1010 3495 1056 3560 ill1
1077 3517 1098 3560 a
1118 3496 1333 3582 superioribus
1358 3492 1421 3558 alios

330 3580 452 3665 sagittis
474 3579 625 3665 figebant,
648 3578 726 3643 alios
741 3579 874 3645 diversis
888 3579 1062 3644 missilibus
1077 3581 1272 3646 sauciabant.
1308 3579 1351 3644 At
1364 3579 1421 3668 tiro3

330 3685 398 3745 nes,
421 3664 522 3728 sicubi
544 3665 689 3728 ascensui
711 3665 857 3749 pervium
882 3662 987 3728 locum
1008 3664 1168 3748 videbant,
1198 3665 1232 3728 in
1260 3657 1421 3728 huiusmod1

331 3746 438 3810 hostes
458 3748 677 3830 vertebantur3
706 3748 864 3834 armisque
883 3748 1003 3814 efferati
1025 3748 1179 3835 quosdam
1199 3747 1421 3821 vulnerabantl,

390 3907 412 3960 a)
428 3910 472 3950 hoc
486 3913 567 3960 postea
584 3936 638 3952 ....
655 3914 722 3951 crunt
738 3913 758 3953 1.
839 3910 862 3964 b)
879 3911 1004 3954 retundere
1021 3914 1041 3953 1.
1124 3909 1145 3963 c)
1162 3923 1179 3952 a.
1197 3913 1317 3954 consilium
1333 3921 1350 3950 c.
1365 3913 1421 3956 sulm

331 3971 375 4010 hoc
391 3969 512 4018 negoclol
534 3971 554 4012 1.
630 3969 652 4023 d)
668 3981 697 4010 ne
713 3975 729 4010 t.
746 3982 764 4011 a.
782 3982 804 4011 o.
820 3972 844 4010 ia
858 3983 935 4023 mare,
950 3972 988 4011 aba·
1003 3981 1063 4023 acra,
1079 3972 1131 4012 xlur
1147 3971 1203 4013 abac.
1269 3970 1290 4022 e)
1307 3967 1392 4010 advenit
1405 3965 1420 4001 1-

331 4027 349 4081 i)
365 4030 390 4069 ln
405 4029 553 4070 interioribus
571 4029 590 4068 1.
664 4027 687 4080 g)
704 4030 788 4070 vuluer
802 4041 812 4069 e
827 4041 885 4072 corr.

406 4140 433 4209 1)
455 4143 495 4195 (li.
515 4141 625 4194 Sallusti
645 4142 723 4194 Catil.
745 4159 768 4194 c.
790 4144 831 4194 14.
897 4140 926 4210 2)
945 4145 987 4194 De
1001 4142 1054 4194 lide
1068 4160 1157 4195 eorum
1172 4161 1240 4212 quac
1254 4144 1373 4196 Richems
1385 4136 1420 4187 hic

331 4221 359 4267 et
376 4217 590 4283 insequentibus
609 4221 699 4266 narrat
717 4233 742 4268 v.
755 4215 895 4280 Wilmans,
913 4217 1081 4268 Jahrbiicher
1093 4219 1129 4282 11,
1150 4219 1175 4282 2,
1194 4236 1219 4286 p.
1236 4219 1286 4268 175
1304 4217 1367 4280 sqq„
1384 4209 1421 4274 qul

331 4290 428 4339 acriter
446 4305 504 4340 eam
524 4291 671 4356 impugnat,
698 4296 724 4340 et
741 4291 833 4350 Witte,
853 4291 1018 4356 Lothringen
1037 4293 1065 4341 iu
1085 4291 1132 4342 der
1151 4293 1262 4343 aweitsn
1280 4288 1364 4341 Halae
1382 4282 1421 4331 des

330 4361 444 4412 nehnten
461 4361 651 4416 Iahrhunderts
669 4379 694 4429 p.
715 4363 749 4414 53
769 4379 836 4430 sqq,
856 4364 901 4429 qui
921 4366 1066 4416 contrarias
1084 4371 1174 4432 partes
1192 4366 1256 4432 agit.
