2936 5010
318 385 369 433 144
556 379 708 432 RICHERI
726 378 977 432 HISTORIARUM
996 380 1108 434 LIBER
1127 383 1192 434 1111.

339 571 442 636 uoque
463 547 539 613 fidei
560 549 628 633 regi
649 546 840 612 servandum
866 547 992 633 penitus
1014 546 1151 633 abrupit.
1196 547 1236 614 G.
1259 557 1291 614 et
1311 549 1350 614 V.
1371 571 1422 634 per

316 573 383 698 dies
415 632 535 720 aliquot
567 653 692 697 carcere
724 631 866 712 detrusi,
897 653 961 695 non
993 630 1092 696 multo
1125 641 1199 718 post
1230 641 1420 698 sacramento

315 717 452 800 astricti,
481 716 584 780 redire
612 716 759 802 permissi
786 722 866 778 sunt.
916 714 1053 779 Karolus
1076 737 1151 802 ergo
1172 714 1259 780 felici
1281 737 1421 781 successu

315 803 458 886 insignis,
488 801 661 866 Remorum
688 797 887 898 metropolim
911 820 983 862 cum
1005 798 1160 864 Lauduno
1183 821 1221 864 ac
1245 799 1419 865 Suesionis¹

314 896 507 971 earumque⁰
530 883 656 970 oppidis
679 893 824 969 optinuit.

642 1003 691 1069 37.
735 1003 899 1088 Impetusb
921 1002 1098 1088 Hugonisb.

251 1125 301 1167 ooo.
397 1108 464 1174 Nec
487 1106 587 1172 defuit
609 1106 663 1192 qui
685 1103 719 1168 id
740 1104 782 1168 ad
803 1105 908 1189 regis⁰
931 1127 1022 1170 aures
1068 1105 1228 1171 erferrent.
1273 1107 1347 1187 Qua
1371 1129 1420 1170 rex

202 1199 302 1254 ’11689-
315 1190 506 1258 contumelia
527 1190 722 1275 perstrictus,
747 1187 844 1276 *quid
865 1187 940 1253 inde
961 1128 1121 1274 agendum
1139 1189 1229 1270 foret,
1245 1191 1419 1255 sciscitaba-

314 1287 392 1374 tur..
419 1274 660 1422 Comperitppe,
685 1294 751 1372 pon
772 1269 931 1420 precibus,
961 1295 1025 1336 non
1046 1272 1148 1354 donis,
1176 1273 1233 1341 sed
1255 1276 1376 1373 viribus
1395 1285 1420 1338 ct

314 1382 410 1424 armis
425 1367 575 1423 mvoeata
619 1367 761 1422 rvrmtate
799 1377 836 1420 oc
851 1377 920 1420 esso
935 1355 1190 1422 labefactandum
1198 1369 1219 1422 ².
1259 1359 1321 1422 Inl
1336 1369 1420 1423 tiran-

314 1467 390 1509 num
412 1443 458 1508 ire
480 1441 660 1528 disponens,
683 1441 766 1506 6000
788 1441 895 1526 itaque
910 1439 1045 1506 militum
1064 1441 1205 1527 collegit;
1229 1442 1419 1509 obsidionem

314 1531 343 1594 ei
365 1526 515 1592 adhibere
546 1527 687 1611 cupiens,
717 1525 744 1588 si
771 1526 882 1610 copiae
910 1523 971 1588 sibi
999 1525 1169 1608 sufficiant3
1198 1536 1230 1590 et
1252 1529 1281 1591 si
1303 1529 1333 1592 ei
1352 1525 1419 1590 felix

313 1612 397 1678 adsit
417 1611 552 1692 fortuna,
574 1609 685 1674 tandiu
706 1609 738 1673 id
761 1610 957 1672 committere
984 1607 1104 1692 volens,
1135 1611 1236 1674 donec
1258 1611 1418 1676 autumnis

313 1706 368 1760 aut
389 1696 495 1759 inedia
516 1693 638 1758 hostem
683 1695 836 1777 recipitet.
868 1693 1085 1757 Proficiscitur
1106 1716 1140 1758 er
1164 1716 1182 1758 ο
1205 1693 1416 1780 magnanimis.

314 1780 356 1842 Et
377 1801 434 1877 per
455 1787 580 1860 terram,
602 1716 685 1842 undd
707 1799 866 1842 annonam
887 1776 993 1840 hostes
1016 1716 1232 1862 asportabant,
1252 1779 1417 1844 exercitum

314 1863 415 1926 duxrt.
475 1862 582 1942 Quam
614 1862 709 1926 etiam
745 1862 870 1946 penitus
906 1859 1117 2007 depoppulatus
1154 1863 1345 1944 combussit,
1379 1861 1416 1924 sic

313 1946 470 2028 efferatus,
500 1955 535 2010 ut
556 1967 615 2009 nco
636 1945 798 2029 tugurium
826 1943 936 2010 saltem
963 1945 1002 2009 de
1014 1946 1108 2010 iranti
1129 1949 1204 2010 anui
1225 1945 1415 2096 relingueret.

313 2031 391 2096 Post
405 2031 511 2094 animo
527 2031 674 2116 precipiti
689 2029 862 2093 exercitum
884 2030 917 2093 in
932 2029 1055 2094 hostem
1069 2039 1267 2129 retorquens,
1292 2054 1310 2095 o
1335 2029 1415 2094 sidio-

312 2137 387 2179 nem
408 2113 558 2181 adhibere
580 2113 748 2178 nitebatur.
792 2112 930 2177 Karolus
952 2135 1024 2177 cum
1046 2123 1118 2178 ante
1148 2115 1209 2180 sibi
1235 2117 1345 2201 copias
1370 2133 1414 2197 pa-

312 2209 429 2280 rasset,
461 2199 599 2264 venienti
627 2199 771 2262 resistere
801 2195 932 2261 viriliter
964 2197 1146 2263 conabatur.
1194 2199 1280 2263 4000
1311 2197 1415 2263 etenim

312 2293 524 2370 pugnatorum
547 2281 694 2346 Lauduni
716 2279 886 2366 collegerat
913 2281 1083 2367 animoque
1109 2282 1301 2364 firmaverat,
1329 2291 1370 2362 ut,
1393 2280 1414 2341 si
1447 2343 1451 2352 ,

311 2390 375 2432 non
397 2370 610 2453 impeteretur,
633 2366 821 2450 quiesceret3
844 2375 876 2430 et
896 2366 1064 2447 resisteret,
1087 2366 1114 2428 si
1135 2376 1310 2451 urgemtm.

514 2488 562 2551 38.
606 2486 797 2550 Exercitum
819 2485 999 2571 tripertitoe
1023 2485 1214 2549 ordinatura

395 2588 466 2651 Rex
487 2590 607 2652 interea
628 2587 803 2652 exercitum
830 2585 992 2670 inducens,
1020 2585 1132 2652 Karoli
1159 2587 1318 2674 legionem
1343 2585 1413 2650 ordi-

310 2679 418 2734 natam
470 2681 624 2756 ugnatum
653 2671 749 2736 videt.
800 2671 986 2736 Exercitum
1014 2693 1091 2756 ergo
1119 2672 1275 2758 tripertito
1303 2669 1411 2746 dividit,

310 2778 351 2820 ne
387 2695 503 2818 mulius
540 2755 695 2819 exercitus
731 2754 813 2818 mole
851 2756 900 2818 sui
937 2764 1086 2840 gravatus
1132 2758 1272 2842 propriis
1305 2751 1411 2820 viribus

308 2838 524 2903 frustraretur.
567 2839 645 2902 Tres
667 2840 773 2924 itaque
795 2839 879 2902 acies
902 2840 1072 2923 constituit,
1100 2842 1236 2925 primam
1266 2839 1340 2905 belli
1358 2835 1410 2923 pri·

311 2944 381 2986 mos
403 2921 563 3007 impetusf
585 2922 748 3004 inituram;
772 2923 953 3007 secundam,
997 2945 1056 2988 uae
1083 2922 1201 2989 labenti
1224 2927 1411 2989 succurreret

311 3007 459 3091 viresque
488 3007 636 3088 referret,
663 3009 789 3071 tertiam
817 3029 893 3071 vero
923 2945 1033 3093 spoliis
1059 3008 1232 3108 eripiendis
1255 3003 1409 3074 ordinavit.

312 3089 436 3171 Quibus
466 3091 511 3155 sic
540 3090 650 3155 divisis
680 3101 711 3156 et
740 3090 907 3174 ordinatis,
936 3093 1040 3178 prima
1067 3114 1152 3157 ac1es
1181 3095 1282 3178 signis
1312 3087 1409 3158 erectis

310 3197 520 3259 congressura
541 3197 614 3239 cum
635 3197 710 3261 rege
733 3173 909 3240 incedebat.
951 3174 1104 3262 Reliquae
1131 3176 1213 3242 duae
1241 3176 1320 3242 locis
1349 3192 1410 3236 con·

309 3260 427 3324 stitutis
449 3269 578 3346 paratae
600 3281 783 3324 succurrere
807 3260 1061 3344 opperiebantur.

394 3344 443 3408 39.
486 3343 623 3408 Karolus
653 3365 726 3407 cum
754 3345 838 3408 4000
867 3344 979 3409 obvius
1005 3344 1158 3430 procedit,
1185 3366 1341 3409 summam
1362 3338 1409 3403 Di-

310 3429 474 3492 vinitatem
496 3430 656 3511 invocans,
678 3437 713 3492 ut
734 3429 775 3493 ab
797 3429 970 3492 innumeris
1014 3450 1111 3492 aucos
1132 3438 1222 3514 prote
1245 3438 1294 3512 at3
1318 3421 1408 3490 multi-

308 3511 411 3574 tudini
430 3534 494 3575 non
507 3511 669 3576 fidendum
693 3522 724 3576 et
762 3513 892 3576 aucitati
905 3533 970 3576 non
984 3450 1201 3595 diffidendum,
1217 3452 1407 3579 demonstret.

310 3595 415 3675 Quem
436 3595 635 3660 incedentem
657 3535 809 3660 munitus
832 3595 1052 3679 comitabatur,
1079 3617 1153 3660 suos
1174 3597 1351 3676 adhortans,
1380 3596 1408 3650 ul

308 3679 415 3742 animo
437 3679 510 3742 forti
532 3687 663 3760 starent;
686 3679 823 3744 ordinati
845 3689 876 3744 et
897 3679 1026 3744 indivisi
1047 3680 1272 3780 procederent3
1295 3679 1332 3744 de
1352 3675 1406 3740 vic·

308 3762 390 3826 toria
411 3784 430 3824 a
452 3762 523 3825 Deo
544 3760 630 3825 nullo
651 3763 745 3827 modo
768 3762 959 3846 diffiderent,
981 3765 1009 3828 si
1030 3763 1162 3830 vniliter
1182 3766 1328 3830 invocato
1345 3759 1406 3824 Deo

367 3952 389 4004 a)
406 3954 508 4003 aequal
592 3951 615 4003 b)
632 3956 676 4004 tus,
692 3955 728 3994 nis
743 3955 799 3995 utra.
869 3953 890 4007 c)
907 3966 986 4004 regum
1001 3966 1107 4005 superscr.
1124 3957 1151 3996 is.
1227 3955 1249 4006 d)
1266 3946 1304 4000 ῑῖῑ.
1322 3955 1335 3992 l.
1351 3961 1376 3992 m.
1390 3956 1406 3984 θ·

307 4015 333 4054 lu
349 4017 364 4053 t.
382 4016 397 4055 l.
415 4014 436 4054 d.
456 4013 475 4053 1.
537 4009 558 4063 e)
572 4015 615 4063 tus,
633 4023 653 4063 o,
670 4016 706 4053 tur
721 4014 776 4055 abac.
836 4011 981 4065 titumultus
998 4017 1018 4056 1.

306 4143 387 4196 bostis
404 4143 511 4208 invasit,
530 4144 711 4197 sanctuarium
730 4145 782 4198 Dei
794 4146 906 4211 polluit,
927 4145 1012 4212 spolio
1031 4147 1157 4213 diripuit,
1177 4147 1402 4208 1010111111Ρο-

306 4219 362 4268 lum
388 4217 540 4284 captivavit.
579 4218 640 4270 Post
664 4219 728 4271 boec
746 4235 807 4272 vero
826 4219 983 4286 arreptus
1095 4221 1292 4286 conjuratorum
1309 4223 1400 4268 multllm

305 4297 399 4342 contra
416 4307 493 4342 suum
511 4308 596 4359 repam
615 4290 720 4357 eiusque
733 4290 873 4345 coercitum
882 4292 911 4344 in
924 4293 1006 4346 aciem
1024 4293 1072 4344 rub
1085 4292 1166 4361 siquis
1180 4280 1400 4360 Karotiprodrait·

308 4361 336 4427 1)
357 4364 398 4413 De
418 4363 469 4414 hac
488 4365 553 4415 urbe
573 4370 652 4431 capta
672 4364 736 4416 alibi
756 4366 830 4416 nihil.
905 4364 934 4433 2)
955 4367 996 4418 Cf.
1018 4366 1128 4418 Sallust.
1148 4365 1228 4418 Catil.
1249 4384 1272 4418 c.
1293 4365 1333 4416 52.
