2938 5016
325 388 358 439 ⁷4
580 385 734 438 RIOHERI
753 384 1006 437 HISTORIARUM
1025 385 1136 436 LIBER
1153 385 1190 436 11.

264 554 422 620 aratensis
450 576 467 618 e
492 554 630 640 iscopus,
659 551 830 618 Heiroldus
859 549 1102 638 salzburgensis
1131 553 1314 638 episcopus,
1343 549 1430 615 Adel-

325 639 434 704 bertus
484 639 643 702 azsoensis
665 637 844 736 episcopus,
867 635 1085 702 Starchandus
1100 636 1337 700 Eistetiensise
1362 637 1431 698 isco-

325 745 396 810 pus,
417 719 540 786 Horath
564 720 802 787 Sleoswrcensis
829 720 1010 819 episcopm,
1033 719 1225 788 Wichardus
1255 657 1430 784 Basillensis

326 807 506 893 episeopus,
527 803 680 870 Liefdsch
703 804 874 890 Ripuens1s
897 825 1076 890 episcopus.

376 928 425 994 70.
458 927 509 992 De
532 925 757 1010 dispositione⁸
778 923 1011 1009 gerendorum·
1033 933 1065 988 et
1086 923 1254 990 habenda¹
1276 922 1381 988 iuditii

956 1019 968 1050 1

412 1095 535 1158 Horum
566 1093 707 1156 omnium
735 1007 952 1179 cuidblelabllldr
971 1055 1092 1156 'liceret
1120 1113 1161 1156 ex
1191 1090 1371 1155 canonibus
1390 1088 1432 1152 vel

327 1179 460 1245 decretis
482 1177 624 1326 proferre
650 1197 871 1262 quaecumque
899 1177 1027 1274 negotio
1058 1174 1227 1239 commoda
1248 1175 1432 1256 viderentur,

327 1264 375 1328 dis
402 1285 483 1328 onon
507 1263 539 1325 ih
562 1271 670 1326 tamen
691 1259 826 1324 facultas
849 1269 879 1324 et
901 1269 1060 1324 rationum
1082 1261 1303 1344 interpretatio
1328 1260 1432 1322 domno

326 1349 389 1412 Rot
413 1356 479 1412 erto
506 1345 676 1410 Treverioo
708 1344 879 1408 commissa
909 1353 965 1426 est,
999 1365 1035 1408 eo
1066 1342 1151 1430 quod
1180 1342 1384 1407 divinarum⁰
1409 1353 1433 1404 et

326 1432 537 1496 humanarum
559 1451 665 1496 rerum
688 1429 821 1493 scientia
843 1436 874 1492 et
896 1427 1095 1514 eloquentiae
1110 1426 1248 1492 efficatia
1266 1427 1434 1512 insignissi-

327 1537 397 1580 mus
419 1514 619 1581 haberetur¹.
663 1512 778 1577 Iudicii
798 1533 874 1576 vero
898 1533 1032 1576 censura
1053 1533 1150 1596 penes
1172 1511 1330 1575 domnum
1350 1510 1433 1574 Mari-

327 1622 413 1682 num,
450 1597 559 1662 domni
595 1618 700 1684 papae
735 1596 900 1678 vicarium,
940 1595 1066 1659 mansit.
1124 1595 1167 1658 Et
1203 1595 1433 1660 considentibus

328 1683 459 1764 cunctis,
487 1691 561 1767 post
588 1681 760 1766 premissas
790 1679 965 1744 secundum
994 1679 1137 1744 ordinem
1166 1678 1351 1745 celebrandi
1374 1699 1435 1742 con-

329 1765 393 1830 cilii
413 1787 526 1851 preces
547 1773 682 1851 postque
696 1765 828 1830 recitata
846 1763 1043 1828 decretorum
1060 1784 1151 1826 sacra
1165 1762 1319 1848 capitula,
1343 1763 1434 1826 daere-

328 1850 450 1914 nissimi
471 1870 563 1948 reges
585 1847 767 1914 Ludovious
789 1857 820 1912 et
842 1847 919 1913 Otto
941 1848 974 1910 in
996 1867 1121 1912 sacram
1141 1846 1292 1910 sinodum
1315 1845 1434 1911 admissi

329 1943 412 1998 sunt.
456 1932 580 2014 Qurbus
610 1933 706 1996 etiam
736 1930 983 2014 considentibus,
1012 1931 1148 1995 domnus
1175 1952 1214 1995 ac
1243 1929 1434 1996 venerandus

329 2016 499 2082 Rotbertus
522 2017 568 2078 sio
590 2037 679 2080 orsus
702 2017 857 2102 espiers:

330 2139 379 2204 71.
402 2136 602 2202 Prelocutios
620 2136 782 2202 Rotbertif
798 2136 980 2201 Trevericir
1000 2134 1254 2222 metropolitanis
1266 2137 1302 2199 in
1324 2133 1434 2200 sinodo.

414 2229 542 2311 ‘Multa’,
575 2230 731 2316 inquiens,
763 2234 856 2310 ‘sunt
886 2237 993 2314 patres
1026 2227 1208 2310 reverendi,
1243 2225 1363 2313 quibus
1392 2224 1435 2287 hie

329 2314 416 2404 apud
437 2314 653 2381 serenissimos
674 2334 766 2398 reges
787 2312 821 2374 in
835 2333 934 2376 unum
955 2313 1057 2377 coacti
1074 2313 1259 2379 residemus.
1305 2309 1436 2376 Plurima

329 2402 425 2466 etiam
458 2421 539 2485 quae
571 2407 679 2463 vestra
710 2396 869 2482 probitate
902 2395 1078 2462 ordinanda
1109 2395 1257 2462 videntur
1265 2405 1289 2458 8.
1336 2394 1435 2458 Totius

329 2505 412 2569 pene
435 2481 558 2548 Galliae
586 2504 655 2546 rem
680 2479 843 2566 publicam
876 2503 1048 2566 pravorum
1070 2481 1247 2544 temeritate
1274 2479 1435 2554 turbatam

330 2566 538 2664 magnisqueh
575 2564 739 2628 subiacere
805 2563 930 2629 ericulis
973 2573 1105 2629 constat.
1162 2563 1256 2629 Unde
1295 2571 1328 2626 et
1363 2561 1436 2643 leges

331 2649 457 2714 div1nae
469 2659 564 2736 atque
575 2647 733 2714 humanae
747 2587 917 2714 indiscrete
932 2649 967 2712 ai
983 2647 1152 2714 malivolisi
1168 2655 1435 2733 contempnuntur,

332 2755 405 2796 cum
426 2733 463 2814 is,
487 2733 538 2796 cui
559 2733 753 2816 regnoruml
775 2734 846 2797 iura
867 2731 1025 2797 debentur
1047 2742 1078 2798 et
1099 2730 1279 2819 imperandi
1307 2737 1436 2818 potestas

330 2815 540 2882 transfusione
563 2826 696 2902 paterna
718 2817 839 2882 eredita
860 2826 916 2900 est,
953 2839 1083 2882 suorum
1105 2816 1314 2882 insectatione
1338 2821 1436 2898 captus

331 2925 365 2967 er
388 2898 551 3026 astuloque
581 2900 762 2964 immaniter
789 2909 895 2965 trusus
925 2902 981 2983 sit,
1011 2923 1141 2965 suorum
1175 2899 1297 2966 adhuci
1333 2895 1436 2984 gladiis

330 2923 522 3067 inlestetur,
544 2985 717 3048 Remorum
745 3005 871 3071 quoque
900 2983 1132 3070 metropolimm
1165 2982 1287 3070 absque
1320 2991 1436 3068 pastore

331 3067 415 3133 fures
437 3069 635 3134 atrocissime
656 3069 859 3150 insectentur,
892 3068 995 3134 cultus
1017 3067 1143 3133 divinus
1165 3067 1307 3150 vilescat,
1337 3063 1436 3148 religio

333 3153 487 3218 canonica
508 3174 567 3239 pro
589 3151 688 3217 nihilo
718 3153 768 3217 sit.
816 3153 878 3217 His
907 3174 993 3237 ergo,
1023 3163 1139 3248 patres,
1168 3149 1436 3218 vehementissime

331 3237 543 3304 insistendum
564 3236 710 3320 arbitror,
740 3235 903 3322 multaque
930 3234 1039 3301 nobis¹
1066 3237 1231 3323 diligentia
1252 3233 1436 3308 enitendum,

333 3324 409 3423 quin
432 3324 536 3409 gratia
558 3322 660 3387 sancti
676 3320 814 3470 Spiritus
837 3319 903 3384 hioi
925 3321 959 3384 in
973 3343 1073 3385 unum
1088 3319 1301 3385 confluximus
1309 3331 1333 3402 ⁰,
1356 3322 1436 3401 *qua-

331 3416 416 3472 trnus
437 3429 488 3472 res
510 3415 583 3471 ante
606 3405 692 3470 diseo
705 3413 778 3470 utae
800 3405 847 3469 sio
869 3405 902 3468 in
917 3403 1028 3469 foehs
1048 3404 1210 3486 redeantr,
1233 3413 1269 3468 ut
1284 3412 1316 3470 et
1331 3402 1436 3467 domno

332 3512 370 3555 ao
392 3491 593 3556 serenissimo
616 3490 685 3576 regi
705 3487 806 3554 libera
826 3487 981 3587 regnandi
1002 3488 1153 3554 reddatur
1170 3497 1323 3574 potestas,
1346 3496 1377 3550 et
1389 3502 1436 3569 per

332 3597 404 3638 eum
428 3573 581 3638 ecclesiae
603 3573 775 3637 Remensir
798 3571 925 3638 debrtus
947 3573 1038 3637 suusi
1060 3573 1244 3638 restituatur
1266 3571 1384 3636 honor’.

390 3697 412 3750 a)
429 3700 470 3750 tto,
486 3698 534 3749 dor,
551 3698 588 3750 ds,
604 3701 629 3738 tu
644 3697 700 3738 abac.
759 3697 784 3750 b)
801 3699 925 3740 ordtnsndt
942 3701 962 3741 1.
1020 3697 1041 3751 o)
1058 3701 1080 3740 d.
1098 3705 1121 3740 et
1136 3700 1158 3741 h.
1176 3710 1194 3738 r.
1207 3703 1258 3748 post
1274 3699 1327 3740 aad.
1383 3691 1405 3741 dl
1417 3692 1436 3730 1¹¹

332 3761 435 3797 sanctam
451 3757 533 3796 alnedo
549 3768 606 3796 corr.
622 3757 729 3797 sinodum
745 3762 822 3798 auctor
836 3758 942 3808 proruebat.
1005 3756 1027 3809 e)
1045 3762 1080 3800 ent
1097 3761 1117 3803 1.
1177 3757 1249 3808 OPr,
1264 3757 1292 3810 R,
1309 3759 1336 3808 ri,
1353 3757 1370 3796 li
1389 3752 1436 3792 alst·

332 3812 763 3866 &nemorumnemorumvidentur.
816 3815 840 3869 h)
850 3819 939 3866 magnis
947 3818 1058 3868 pertesus
1069 3820 1088 3859 1.
1133 3815 1150 3868 t)
1161 3821 1212 3868 post
1225 3817 1276 3858 aad.
1324 3811 1437 3865 lamellis-

331 3884 382 3914 rum
394 3885 498 3924 cupersan
515 3885 647 3923 regnorum.
690 3873 708 3926 1>
725 3876 985 3928 appetitur1,qas'suor.
997 3875 1092 3927 eLspp.
1105 3880 1155 3926 post
1171 3876 1259 3916 credits
1274 3878 1310 3916 est
1324 3871 1436 3923 scripserat.

332 3930 364 3984 m)
386 3933 520 3983 metropolis
542 3936 633 3983 pastore
657 3934 779 3974 exturbato
802 3936 820 3974 1.
896 3932 920 3986 n)
940 3946 1024 3976 scor-r.
1101 3933 1123 3986 o)
1140 3945 1159 3975 c.
1176 3928 1435 3985 monstrabuntur

332 3992 434 4033 caritatis
450 3992 534 4102 affeqtu
550 3992 754 4045 (considerandum
770 3991 837 4044 corr.)
858 3994 1011 4035 insistendum
1027 3994 1127 4034 arbitror
1141 3997 1167 4034 ut
1182 3993 1215 4033 sle
1232 4003 1269 4034 res
1286 3995 1307 4034 1.
1373 3987 1396 4040 p)
1411 3994 1437 4025 ¹0·

332 4051 385 4093 dest
401 4054 421 4094 1.
483 4053 598 4102 qmenst
615 4055 635 4094 1.

407 4148 434 4214 1)
467 4148 544 4198 Haec
575 4148 716 4199 Riehams.
764 4145 805 4199 Gt.
838 4146 981 4198 concilium
1011 4147 1046 4198 ad
1076 4147 1104 4200 S.
1133 4147 1259 4201 Basolum
1292 4162 1353 4198 ann.
1384 4140 1435 4202 99¹»

334 4236 356 4274 e.
378 4221 402 4284 1,
422 4221 470 4273 SS.
483 4221 536 4285 111,
552 4238 578 4287 p.
594 4221 655 4284 660,
675 4220 722 4272 ubi
742 4220 854 4271 eaedem
873 4219 929 4272 fere
948 4225 1037 4288 partes
1057 4220 1168 4272 Arnulfo
1189 4227 1216 4272 et
1236 4221 1347 4287 Signino
1361 4214 1435 4268 areli·

333 4294 466 4360 episcopis
491 4295 650 4345 tribuuntur.
743 4291 773 4358 2)
796 4293 937 4346 Orationes
956 4294 1004 4346 hes
1028 4295 1158 4346 Rieherus
1182 4293 1291 4346 tinxisse
1315 4288 1437 4360 putandus

334 4371 386 4428 est;
407 4365 441 4416 cf.
460 4367 591 4417 Reimenn
610 4384 637 4434 p.
659 4367 701 4417 18.
730 4405 732 4412 ,
