2938 5016
305 395 339 446 78
566 393 721 446 mensal
740 392 993 447 ulsromauun
1012 391 1125 444 LIBER
1142 391 1181 442 11.

244 579 296 626 111.
306 561 519 627 debacchatus
553 561 596 624 sis
627 562 661 624 in
696 559 861 626 dominum
898 569 989 624 tuum
1024 581 1147 645 regem,
1185 579 1241 622 ora
1279 559 1411 621 omnium

305 647 467 728 locuntur3
489 644 576 731 apud
597 665 707 709 ornnes
728 644 781 709 ida
803 645 950 729 agitatur.
994 643 1090 726 Quod
1113 665 1209 729 quarn
1232 641 1411 706 sceleratum

306 740 338 796 et
360 751 456 830 quam
477 729 688 814 pernitiosum
711 728 759 810 sit,
782 728 912 792 divinae
927 739 1023 813 atque
1038 726 1196 790 humanae
1212 726 1302 812 leges
1316 727 1413 810 copie

307 816 431 879 sissrme
452 811 599 898 produnt.
642 811 736 878 Unde
763 821 795 877 et
819 812 879 876 tibi
907 812 1146 897 compatientes,
1176 810 1218 874 ab
1245 809 1362 875 talibus
1387 819 1413 872 te

307 900 468 985 quiescere
490 918 666 961 monemus.
721 894 764 961 Et
784 895 826 960 ad
848 895 1013 960 dominum
1034 905 1124 960 tumn
1150 894 1253 959 multa
1279 915 1414 957 mansue-

305 982 425 1048 tudinis
458 979 634 1045 humilitate
667 981 850 1066 quantotius
885 980 1003 1044 reverti
1038 977 1211 1043 hortamur.
1269 976 1362 1058 Quod
1391 979 1413 1039 si

306 1076 431 1132 contem
457 1065 544 1147 seris,
574 1065 762 1150 priusquam
783 1065 817 1127 in
838 1062 965 1128 diversa
985 1063 1191 1144 referamurl,
1221 1061 1415 1126 anathemate

306 1153 374 1216 sine
389 1087 487 1214 dubio
502 1157 533 1213 tc
549 1149 810 1234 perstringemus,
825 1147 927 1211 donec
942 1157 997 1212 aut
1012 1147 1198 1224 satisfacias,
1217 1157 1274 1210 aut
1287 1145 1414 1209 Romam

306 1233 392 1322 apud
419 1233 572 1298 domnum
601 1252 721 1318 papam
750 1231 996 1296 ratiocinatums
1024 1240 1124 1317 petas.
1181 1229 1284 1294 Cuius
1313 1228 1415 1292 litteris

304 1319 370 1384 iam
392 1317 442 1382 bis
464 1316 602 1380 monitus
625 1338 658 1380 es
680 1325 712 1379 et
733 1325 858 1380 stante
877 1315 1017 1379 facinore
1038 1313 1228 1400 prohibitus.
1284 1313 1376 1378 Unde
1389 1322 1415 1374 et

304 1425 362 1466 nos
386 1411 459 1488 post
480 1398 569 1464 illurn
591 1400 690 1464 tercio
713 1401 778 1462 iam
805 1409 836 1463 te
863 1398 905 1463 ad
934 1399 1162 1463 correctionem
1194 1398 1413 1462 revocamns't

305 1487 396 1568 Quae
418 1486 516 1551 totius
539 1483 643 1548 sinodi
664 1484 851 1548 auctoritate
866 1482 1023 1565 roborata,
1046 1482 1121 1546 duci
1135 1504 1193 1568 per
1206 1481 1332 1568 legatos
1346 1501 1413 1544 mox

304 1571 426 1636 directa
447 1577 504 1634 est.

684 1650 733 1714 78.
768 1648 895 1714 Oausa‘¹
916 1648 1051 1715 Artoldi.

387 1755 466 1819 Post
487 1752 567 1817 haec
589 1775 721 1838 surgens
735 1751 890 1816 Artoldns
905 1751 1164 1840 archiepiscopus
1173 1765 1196 1835 ⁰,
1211 1773 1327 1818 rerum
1342 1748 1412 1814 ordi-

304 1859 387 1918 nem,
411 1837 520 1912 sedet
540 1837 641 1922 ipsius
662 1834 726 1901 litis
753 1835 889 1919 initium,
919 1858 1001 1922 quae
1028 1836 1211 1923 agitabatur
1240 1837 1326 1901 inter
1354 1853 1413 1896 sese

305 1931 337 1985 et
372 1919 544 2018 Hugonem
580 1919 642 1984 sibi
677 1918 885 2006 subrogatum
926 1921 1128 2008 episcopum,
1170 1918 1413 1984 luculentissime

304 2004 486 2070 dissermt‘·
498 2017 517 2068 ¹.
567 2004 653 2085 Quin
674 2015 706 2069 et
727 2003 895 2090 epistolam
916 2004 1046 2102 profert,
1068 2005 1252 2092 nuperrime
1272 2027 1293 2068 a
1307 2002 1414 2067 domno

303 2111 390 2176 papa
411 2086 473 2152 sibi
495 2086 659 2169 directam,
682 2111 740 2174 per
762 2111 859 2186 quam
880 2098 1104 2174 episcopatum
1133 2089 1194 2152 sibi
1220 2084 1412 2153 retinendum

304 2171 539 2260 significabat².
567 2172 646 2236 Post
660 2173 750 2236 cuius
765 2173 1060 2258 interpretationem
1081 2173 1116 2238 si
1141 2171 1275 2236 eboldns
1314 2168 1412 2234 uidam

303 2257 440 2345 predicti
461 2257 610 2343 Hugonis
632 2255 767 2321 clericus
796 2255 893 2320 aliam
924 2279 1000 2321 mox
1023 2259 1125 2343 episto
1159 2279 1190 2320 m
1213 2195 1329 2320 sinodo
1339 2273 1410 2400 por-

304 2343 396 2426 rexit,
429 2342 542 2427 signoss
564 2340 673 2405 domni
694 2362 799 2427 papae
814 2343 970 2405 munitam
993 2351 1025 2406 et
1045 2341 1086 2405 ab
1102 2339 1191 2405 Urbe
1210 2363 1230 2404 a
1246 2362 1317 2405 sese
1360 2333 1411 2398 ela-

301 2435 377 2490 tam.
422 2425 514 2506 Quae
536 2425 632 2489 etiam
654 2426 687 2488 in
709 2433 884 2510 conspectu
909 2425 1135 2512 episcoporum
1164 2425 1299 2488 recitata
1327 2431 1411 2506 atque

303 2507 543 2594 diligentissime
558 2509 705 2573 discussa
720 2517 778 2574 est.
814 2508 853 2572 In
868 2510 958 2572 cuius
973 2519 1064 2574 textu
1078 2509 1112 2572 id
1127 2507 1230 2572 solum
1245 2505 1410 2580 dicebatur,

304 2591 391 2678 quod
411 2589 566 2656 Rodulfus
587 2591 810 2656 Landunensis
839 2593 1022 2678 episcopus,
1048 2591 1146 2658 Wido
1170 2593 1266 2656 etiam
1292 2593 1410 2655 Suesso-

303 2675 409 2757 nicus,
451 2695 577 2738 necnon
613 2685 644 2740 et
679 2675 886 2761 Hildegarius
919 2676 1135 2760 Belvacensis,
1173 2677 1272 2741 ceteri
1295 2692 1410 2761 quoque

303 2758 468 2823 Remensis
504 2757 668 2824 dioceseos
700 2760 844 2846 episcopi
880 2759 942 2824 adh
975 2759 1084 2825 sedem
1119 2759 1331 2846 apostolicam
1355 2773 1409 2902 ,pm

302 2842 500 2908 restitutione
540 2841 705 2928 Hugonisi
751 2853 783 2908 et
829 2843 1033 2910 abdicatione
1076 2843 1202 2910 Artoldi
1251 2846 1410 2930 epistosm

302 2926 463 3008 miserint;
498 2926 582 2992 unde
603 2936 634 2992 et
656 2927 809 2992 domnum
830 2950 950 3013 papam
968 2927 1010 2992 ad
1027 2950 1136 2993 eorum
1154 2937 1410 3010 volscorumque

302 3010 489 3158 petitionem
517 3009 623 3074 omnia
643 3011 733 3076 fieri³
754 3009 844 3076 velle.
892 3012 970 3077 Post
996 3013 1086 3076 cuius
1108 3013 1328 3076 recitationem
1348 3025 1410 3093 pre·

326 3095 380 3158 icti
395 3115 471 3156 mox
487 3104 711 3180 consurgentes
727 3095 879 3180 episcopi,
899 3095 1051 3181 epistolae
1067 3097 1276 3161 sententiaml
1293 3093 1409 3181 penitus

303 3175 507 3242 confutarunt
534 3200 573 3242 ac
602 3178 833 3244 calumniarum
855 3179 1041 3244 iniectorem
1062 3180 1223 3245 hominem
1244 3173 1409 3265 perditissi-

302 3285 390 3326 mum
425 3261 654 3328 adclamarunt.
713 3263 838 3344 Quibus
875 3284 949 3327 curn
986 3265 1158 3329 contraire¹
1194 3285 1260 3327 non
1295 3267 1407 3348 posset,

302 3345 495 3494 qulinusdam
516 3345 694 3412 maledictis
716 3368 770 3412 eos
792 3345 931 3430 adortus,
953 3347 1081 3434 publice
1101 3347 1140 3412 de
1155 3347 1292 3434 perfidia
1314 3340 1409 3410 crimi-

300 3452 342 3494 na
365 3440 474 3496 aturm.

438 3550 487 3613 79.
523 3549 793 3614 Calumniatorisn
815 3551 1039 3636 episcopomm
1061 3549 1276 3638 reprobarier.

179 3664 291 3712 ·r01.as¹.
386 3651 495 3713 *Tunc
516 3674 535 3714 a
557 3650 673 3715 domno
688 3651 813 3716 Marino
829 3651 1020 3735 decernitur,
1041 3663 1078 3717 ut
1092 3655 1263 3718 recitentur
1278 3644 1405 3738 capitula

301 3733 341 3797 de
363 3733 643 3798 calumniatoribus
665 3734 798 3820 prolata.
843 3735 968 3816 Quibus
991 3758 1069 3800 mox
1083 3737 1182 3820 lectis,
1206 3758 1278 3800 curn
1301 3733 1405 3801 calum-

300 3818 404 3882 niator
425 3816 519 3881 reniti
541 3839 605 3881 non
626 3827 743 3903 posset,
767 3819 990 3906 episcoporum
1012 3820 1124 3886 iuditio
1147 3821 1333 3886 diaconatus
1351 3832 1404 3902 q110

359 3960 515 4014 1)]11111111.
585 3960 667 4013 1))111.
686 3963 707 4004 1.
775 3960 796 4013 c)
813 3973 972 4005 ammonemus
990 3967 1009 4007 1.
1086 3963 1259 4018 1111111111.
1329 3961 1349 4012 e)
1364 3957 1404 3998 litis

300 4023 421 4064 exordium
437 4025 506 4071 atque
521 4032 540 4064 r.
551 4032 571 4063 ο.
584 4023 605 4064 1.
665 4019 843 4073 odemonstret
860 4024 880 4064 1.
941 4021 1113 4075 g)n0m1ne1.
1174 4022 1197 4076 h)
1216 4017 1402 4074 epistolamsdl·

299 4080 316 4134 1)
333 4082 362 4126 fl.
377 4083 497 4133 eptstolsm
513 4081 618 4122 miserint
630 4082 649 4120 1.
696 4079 721 4132 k)
738 4080 862 4130 epistotam
879 4083 899 4124 1.
945 4081 963 4134 l)
981 4083 1058 4122 contre
1067 4095 1124 4124 corr.
1134 4084 1257 4124 contraire.
1304 4081 1335 4133 111)
1350 4075 1404 4117 eadee

295 4143 366 4192 pes-qa
381 4145 502 4182 atramento
517 4140 618 4192 nigriori,
634 4139 650 4178 f.
667 4139 710 4182 28¹.
727 4140 751 4180 ia
765 4149 856 4180 rasura.
924 4138 949 4193 n)
965 4140 1015 4190 Gal,
1032 4144 1075 4194 tor,
1091 4153 1159 4192 repro
1175 4142 1239 4186 aaa..

375 4237 402 4301 1)
431 4237 473 4289 cf.
497 4237 602 4289 Artoldi
626 4235 747 4287 libellum
776 4235 878 4300 synodo
904 4237 1044 4300 directum,
1072 4253 1116 4303 ap.
1142 4236 1220 4288 Flod.
1240 4237 1312 4288 Hist.
1337 4233 1401 4284 Rem·

298 4308 347 4370 IV,
361 4309 404 4372 85,
424 4310 481 4362 LL.
500 4311 538 4374 11,
552 4310 595 4360 21.
672 4307 701 4376 2)
720 4308 850 4359 Richems
869 4307 1052 4361 Flodoardum
1071 4309 1142 4362 male
1161 4309 1327 4362 intellexisse
1339 4301 1402 4356 vide·

298 4386 349 4441 tur,
369 4383 415 4447 qui
434 4383 468 4434 de
486 4383 634 4434 litterarum
653 4383 687 4433 ab
707 4379 819 4433 artoldo
840 4382 979 4434 missarum
998 4385 1217 4451 interpretatione
1237 4383 1359 4449 loquitur.
