2938 5016
326 345 361 394 ³4
591 338 740 391 RIOHERI
760 336 1013 388 HISTORIARUM
1032 336 1143 388 LIBER
1162 337 1185 389 Ι.

265 508 513 575 essanctoritate
535 505 710 594 apostolica
730 525 829 590 regno
851 503 974 570 restitui
1000 525 1109 590 regem
1130 505 1290 570 abiectum
1314 503 1433 588 iubeat;

328 595 541 682 quicumque⁸
571 592 639 655 eius
674 599 826 676 precepto
865 587 1018 674 refragari
1050 589 1137 654 nisus
1169 589 1281 674 luerit,
1313 589 1432 654 anathe-

328 688 413 742 mate
443 685 614 763 perpetuae
643 671 874 738 maledictionis
903 672 1132 758 condempnet;
1164 695 1202 738 ac
1230 696 1288 760 pro
1317 673 1374 738 hac
1402 697 1433 736 re

328 761 486 861 episcopis
501 768 596 860 atque
612 757 811 844 principibus
827 754 1003 821 Galliarum
1022 767 1053 822 et
1069 756 1259 824 Germaniae
1274 757 1431 846 epistolam

328 845 689 932 drrigat,cont1nentem
719 850 750 905 et
778 841 956 906 bonorumh
978 840 1233 906 benedictionem
1262 852 1293 908 et
1319 853 1432 907 contra-

328 929 486 995 dictorum
508 925 771 992 maledictionem.
793 925 839 990 Le
863 925 907 989 ati
922 947 998 1010 ergo
1010 925 1145 990 Romam
1160 936 1359 1014 properante,
1382 925 1432 990 sed

329 1013 538 1098 consumptod
552 1010 674 1076 itineris
687 1008 806 1091 labore,
821 947 899 1073 nhil
913 1007 1135 1076 mandatorum
1153 1021 1319 1097 peragunt.
1343 1011 1432 1074 Nam·

351 1121 391 1163 ue
412 1118 432 1160 a
452 1095 613 1183 prefect0¹
636 1103 748 1180 captus
763 1114 857 1180 papa,
880 1115 917 1157 eo
962 1093 1026 1158 uod
1053 1116 1073 1157 a
1098 1116 1132 1160 se
1153 1094 1326 1182 plurimum
1349 1095 1432 1159 dissi-

329 1119 427 1264 deret,
456 1179 497 1244 ab
525 1201 562 1244 eo
592 1176 742 1242 carcerali
773 1177 918 1242 custodia
939 1115 1149 1243 detinebatur.
1199 1178 1294 1244 Unde
1316 1189 1346 1244 et
1373 1179 1431 1242 sine

328 1265 495 1352 legationis
517 1263 633 1328 effectu
655 1261 799 1347 digressi,
820 1263 853 1326 in
876 1259 997 1326 Gallias
1019 1273 1208 1328 remearunt.
1252 1263 1431 1328 Heribertus

327 1371 402 1415 vero
418 1348 460 1414 ad
474 1347 537 1412 alia
552 1369 620 1412 sese
636 1347 810 1428 conferens,
833 1345 919 1431 apud
939 1345 1141 1432 Hugonew,
1163 1345 1309 1412 Rotberti
1331 1347 1429 1426 filiurn,

329 1433 368 1498 de
390 1433 453 1498 fide
475 1433 557 1498 inter
580 1453 648 1496 sese
677 1429 825 1496 habenda
846 1429 926 1495 adeo
950 1429 1123 1516 satagebat.
1179 1431 1283 1512 Quem
1314 1442 1346 1496 et
1372 1452 1430 1494 sua-

328 1517 470 1584 sionibus
493 1515 664 1584 efficaciter
685 1513 806 1578 allicuit
827 1535 865 1577 ac
887 1513 949 1578 fide
971 1516 1057 1600 pacti
1085 1515 1145 1580 sibi
1167 1515 1331 1580 annexuit.
1373 1514 1429 1578 Hu-

328 1601 419 1688 gonis
449 1601 556 1688 itaque
586 1599 723 1665 efficatia
752 1619 933 1684 persuasus,
956 1598 1017 1663 ads
1035 1597 1209 1664 Rodulfum
1237 1599 1322 1664 redit
1351 1601 1429 1684 eique

202 1701 259 1746 ⁸101.
276 1705 319 1746 rr.
328 1683 549 1750 reconciliatus
583 1683 624 1748 ali
649 1682 770 1746 uandiu
798 1681 889 1747 hesit.
935 1679 1054 1746 *Cuius
1083 1683 1116 1746 in
1146 1682 1245 1748 multa
1266 1685 1370 1769 gratia
1389 1705 1429 1746 sa·
1457 1733 1459 1760 ,

328 1779 465 1856 sceptus,
494 1779 530 1833 ut
560 1789 594 1830 se
620 1705 780 1832 dualitatis
809 1776 1030 1832 exsecutorem
1059 1777 1258 1850 monstraret,
1286 1766 1428 1832 Karolurr
1457 1781 1459 1848 4

328 1874 406 1917 mox
427 1851 592 1918 Peronaess
613 1851 646 1914 in
669 1871 830 1915 carcerem
851 1852 991 1915 retrusit.

366 1971 417 2036 55.
448 1969 659 2036 Heribertush
680 1973 718 2034 al¹
740 1993 815 2058 rege
837 1971 1011 2036 Remensel
1034 1973 1232 2058 episcopium
1254 1973 1404 2058 accepist
1457 1901 1459 1976 i

411 2071 506 2138 Unde
536 2081 567 2137 et
595 2071 635 2136 ab
666 2095 742 2172 rege
770 2073 882 2138 donari
909 2083 1029 2160 patena,
1057 2074 1255 2161 episcopium
1284 2073 1426 2140 Remense

329 2156 388 2222 sub
418 2165 551 2244 optentu
579 2156 636 2221 filii
666 2179 715 2222 sur
736 2156 842 2222 adhuc
870 2158 970 2256 pueri.
988 2157 1029 2222 ab
1059 2180 1095 2223 eo
1122 2160 1255 2245 accepit.
1309 2159 1387 2223 Nam
1405 2168 1427 2219 et

327 2250 403 2305 tunc
425 2241 485 2306 hac
513 2241 582 2306 vita
611 2241 720 2306 divaei
749 2263 922 2306 memoriae
946 2240 1072 2306 Seulfus
1100 2241 1364 2329 metropolitanus
1388 2241 1426 2304 de-

327 2334 473 2392 cesserat.
516 2324 560 2389 At
582 2329 657 2413 quia
677 2336 764 2390 aetas
786 2326 924 2390 tenerior
944 2347 1078 2412 puerum
1107 2327 1206 2392 sacris
1229 2326 1346 2392 officiis
1372 2345 1425 2410 pro-

326 2408 466 2492 hibebat,
478 2407 627 2475 Odelrico
650 2409 785 2493 cuidam,
808 2408 848 2474 ab
866 2411 1011 2510 hquensi
1031 2411 1214 2497 episcopi0²
1236 2418 1425 2496 pyratarum

327 2494 533 2558 insectatione
563 2493 665 2579 pulso,
698 2516 756 2580 pro
786 2515 823 2558 eo
850 2505 1029 2560 mrnrstrare
1059 2516 1244 2560 concessum
1274 2507 1335 2562 est
1379 2491 1424 2556 Oui

328 2577 423 2642 etiarn
452 2575 615 2640 abbatiam
645 2578 747 2642 sancti
776 2575 935 2644 Timothei
964 2580 1103 2643 martiris
1129 2578 1172 2643 ad
1197 2601 1274 2644 usus
1299 2577 1424 2666 proprios

327 2660 471 2725 attribuit
493 2670 524 2724 et
550 2660 681 2748 insuper
711 2662 936 2726 canonicorum
966 2663 1108 2728 victum⁴
1136 2663 1231 2727 simul
1257 2659 1423 2750 impertivit

328 2742 484 2808 Rodulfus
511 2745 632 2808 interea
659 2767 726 2827 rex,
754 2756 873 2832 quanta
901 2746 981 2811 foret
1007 2749 1152 2832 aequitas
1175 2770 1251 2813 suae
1272 2749 1367 2829 vitae,
1386 2743 1424 2808 de·
1455 2763 1456 2774 ¹

327 2839 503 2892 monstrare
540 2829 680 2916 cupiens,
716 2829 758 2893 ad
793 2828 949 2895 Karolum
985 2831 1038 2896 ubi
1076 2833 1263 2897 servabatur
1302 2827 1423 2896 accessit

327 2911 427 3000 Apud
462 2933 557 2998 quem
586 2911 686 2978 multa
714 2913 754 2980 de
784 2913 851 2978 eius
880 2915 1017 2980 miseriis
1050 2925 1245 3001 conquestus
1301 2932 1423 2981 sermone

327 2993 504 3095 multiplici,
535 2998 561 3060 si
583 2997 765 3078 offenderat,
795 2996 981 3084 suppliciter
1002 3000 1129 3064 veniam
1158 2963 1350 3085 postulabat.
1393 2993 1424 3056 Ei

329 3101 479 3166 quomam
514 3082 652 3167 suscepti
687 3082 851 3168 regiminis
886 3083 1009 3168 apicem
1038 3083 1165 3169 penitus
1198 3085 1343 3150 amittere
1374 3099 1422 3143 non

327 3163 463 3247 valebat,
499 3165 585 3252 quod
613 3166 693 3231 ratio
727 3164 909 3232 conferebat
937 3169 966 3230 ei
996 3169 1143 3249 restituit,
1173 3168 1267 3233 sodes
1297 3163 1424 3234 videlieet

331 3250 444 3336 regias,
467 3247 527 3314 hoc
542 3259 590 3315 est
603 3249 800 3315 Attiniacum
816 3260 847 3314 et
860 3251 1081 3334 Pontionem⁵3
1105 3253 1215 3338 sicque
1231 3251 1421 3318 Suessionum

326 3334 489 3398 remeavit.

719 3420 768 3484 56.
802 3416 913 3482 Karoli
936 3416 1051 3484 obitus.

267 3525 317 3565 aas.
408 3501 545 3564 Karolus
567 3501 738 3599 posthaec
760 3501 846 3566 tedio
869 3511 900 3566 et
921 3523 1040 3588 angore
1063 3503 1224 3586 deficiens,
1247 3505 1280 3567 in
1300 3498 1421 3566 machro-

239 3583 451 3648 ⁰‘¹·⁷·n0siam
473 3583 599 3648 decidrt.
632 3584 895 3672 Humoribusque
916 3587 1022 3651 noxiis
1043 3597 1190 3671 vexatus,
1212 3583 1420 3673 postmultum

327 3667 515 3752 languorem
535 3669 604 3732 vita
624 3669 767 3755 privatus
790 3681 846 3734 est.
886 3669 1042 3735 Rodulfus
1058 3693 1134 3737 vero
1148 3693 1207 3736 rex
1217 3679 1349 3772 pyratas
1363 3659 1420 3729 Gal·

328 3749 404 3814 liam
430 3750 657 3836 Aquitanicam
684 3754 835 3854 irrupisse
862 3776 920 3839 per
940 3753 1063 3854 legatos
1085 3777 1285 3842 comperrens
1308 3763 1419 3834 eamque

268 3869 318 3911 930,
327 3831 482 3900 hostiliter
503 3835 736 3903 debacchantes
758 3837 932 3921 mlestasse,
954 3861 1021 3903 vrm
1043 3839 1158 3904 inferre
1180 3837 1350 3925 cogitabat.

387 3960 410 4013 a)
426 3961 471 4010 Qut
488 3965 507 4003 1.
575 3961 598 4015 b)
616 3965 785 4005 oboedientium
803 3967 822 4005 1.
898 3963 918 4016 c)
935 3967 1005 4015 nerlu
1022 3965 1136 4019 (saperem.
1153 3965 1203 4018 sod)
1219 3964 1334 4018 peracturi
1348 3958 1389 4000 odd.
1404 3955 1418 3990 l·

328 4018 351 4072 d)
369 4019 438 4063 cons.
455 4032 509 4062 voro
526 4025 546 4065 1.
606 4022 628 4075 e)
644 4025 673 4065 Η.
689 4035 706 4063 c.
768 4023 785 4077 l)
797 4030 847 4074 post
862 4025 912 4069 uda.
973 4023 996 4076 g)
1013 4025 1037 4065 ta
1051 4038 1119 4076 marq.
1177 4023 1201 4078 h)
1217 4027 1272 4078 Her,
1289 4035 1303 4064 a
1317 4035 1334 4074 r,
1350 4022 1417 4058 nerse·

327 4082 438 4123 aeeabso.
498 4079 515 4134 l)
533 4083 667 4133 acapna
684 4085 704 4124 1.

401 4174 429 4244 1)
449 4195 467 4228 a
484 4177 598 4242 Widone,
610 4179 837 4247 fratrcHuqonc'a
850 4179 919 4248 repis
932 4179 1010 4232 Flod.
1087 4178 1115 4248 2)
1135 4181 1215 4247 Acqs.
1291 4177 1320 4244 3)
1338 4171 1416 4224 sana-

326 4251 623 4303 cenomannense.
638 4253 731 4315 la1v,
747 4253 791 4304 22.
854 4251 883 4319 4)
900 4269 958 4304 erran
967 4245 1415 4319 praebendaeanonaamodum·
1441 4289 1442 4306 t

328 4321 356 4390 ὅ)
375 4323 507 4375 Penthion
525 4341 570 4376 sur
587 4324 721 4390 l‘Ornain3
742 4327 774 4377 de
795 4342 847 4392 quo
865 4326 943 4378 Flod.
962 4333 1043 4379 tacet.
