2938 5016
321 435 356 484 22
582 431 735 484 suonam
755 431 1009 485 HISTORIARUM
1027 433 1141 484 LIBER
1160 432 1183 484 1.

1466 521 1468 556 l

320 601 365 666 At
397 601 593 686 piratarum⁸
625 598 767 686 legiones
805 597 902 685 longo
935 622 1004 666 sese
1043 599 1153 664 ordine
1190 598 1420 685 protenderantb
1467 593 1468 642 ἶ

320 687 490 770 ipsumque
513 683 656 749 ordinem
671 682 714 748 ad
728 683 834 750 hostes
850 683 1058 771 excipiendos
1074 693 1285 748 curvaverant
1300 691 1420 746 scemate
1467 723 1468 736 2

320 768 414 832 lunae
436 788 518 854 quae
539 769 573 830 in
594 770 786 854 augmento*
808 777 865 850 est,
894 777 938 851 ut,
968 768 1044 832 dum
1066 765 1165 831 multo
1187 765 1312 832 fervore
1332 767 1421 829 hostes

320 861 463 934 ruerent,
500 852 659 916 exercitus
689 851 894 918 circulatione
921 852 1161 938 exciperentur;
1205 850 1253 913 sic
1282 851 1370 915 etiam
1389 847 1421 911 ab

321 937 360 1000 iis
382 935 491 1022 quiin
513 957 613 1000 cornu
634 943 768 1021 utroque
791 937 996 1022 persisterent
1017 956 1037 998 a
1057 943 1148 1021 tergo
1169 933 1319 1020 appetiti,
1349 954 1422 996 more
1466 983 1468 988 .

322 1018 481 1105 pecudum
504 1029 726 1084 sternerentur.
1466 1033 1468 1088 t

405 1104 455 1168 30.
484 1103 546 1166 His
562 1124 639 1188 ergo
654 1104 687 1165 in
701 1111 835 1188 utraque
850 1111 941 1188 parte
956 1103 1085 1188 paratis,
1100 1112 1234 1187 uterque
1246 1102 1422 1166 exercitus*'

322 1187 422 1273 signis
451 1184 572 1252 collatis
600 1186 811 1272 congreditur.
870 1187 1041 1252 Rotbertus
1070 1196 1123 1252 et⁰
1155 1184 1337 1250 Dalmatius
1365 1205 1423 1248 cum

321 1271 491 1358 Aquitanis
511 1268 653 1356 legiones
674 1271 850 1356 piratarum
878 1279 1045 1368 penetrant
1072 1270 1242 1356 statimque
1263 1267 1304 1334 ab
1326 1270 1363 1333 iis
1382 1269 1424 1354 qni
1466 1287 1468 1358 q

321 1356 354 1418 in
390 1352 539 1418 cornibus
575 1363 665 1418 erant
700 1376 720 1420 a
755 1363 845 1440 tergo
881 1363 1086 1440 rmpetuntur.
1139 1354 1219 1418 Mox
1251 1375 1374 1440 quoque
1401 1363 1424 1415 et

322 1436 443 1523 Belgae
451 1439 494 1470 ***
517 1439 672 1524 inprovisi
695 1448 932 1524 prosequuntur
953 1447 1048 1525 atque
1069 1439 1206 1523 piratas,
1234 1439 1290 1522 qui
1311 1459 1331 1500 a
1350 1447 1424 1521 tergo
1466 1453 1467 1482 ³

322 1544 396 1587 suos
426 1523 630 1608 premebant,
666 1523 798 1585 immani
827 1523 906 1587 cede
941 1530 1093 1586 sternunt.
1145 1521 1287 1586 Neustrii
1315 1541 1424 1607 quoqne
1463 1553 1467 1599 .'

322 1608 519 1670 atrocissime
552 1607 679 1671 instant.
734 1607 773 1670 In
807 1627 869 1694 qua
892 1606 1136 1688 commixtione,
1170 1627 1243 1668 cum
1266 1603 1423 1690 Aquitani*
1462 1608 1466 1674 ἒ

322 1691 434 1787 piratis
462 1690 651 1754 circumdati
685 1689 807 1754 multo(¹
842 1691 1010 1754 conamine
1039 1711 1094 1754 eos
1127 1709 1206 1775 quos
1235 1687 1425 1774 impellebant
1463 1692 1466 1752 ἶ

322 1772 394 1836 rnf
434 1793 487 1836 am
509 1781 673 1857 cogerent,
694 1775 737 1836 iic
782 1775 815 1838 ui
836 1774 870 1836 in
892 1771 1042 1837 cornibus
1063 1773 1267 1858 perstiterant
1293 1770 1424 1856 aBelgis
1462 1787 1466 1826 ι’

322 1856 371 1920 etf
391 1795 547 1920 ddsustriis
569 1855 644 1920 hinc
664 1879 774 1942 preme
799 1867 900 1940 antur,
927 1857 1002 1922 inde
1022 1878 1099 1921 vero
1121 1855 1161 1920 ab
1176 1857 1346 1942 Aquitanis
1366 1877 1425 1919 con·
1464 1856 1465 1937 ,

322 1942 421 2004 versis
443 1937 578 2004 letaliter
599 1963 637 2003 ur
660 1938 803 2006 ebantur.
848 1940 998 2026 Superati
1024 1942 1133 2027 itaque
1160 1961 1250 2004 arma
1279 1939 1425 2026 deponunt
1464 1953 1465 1956 ’

322 2044 361 2087 ac
382 2021 489 2088 multis
510 1963 701 2088 clamoribus
723 2047 782 2110 pro
804 2026 870 2089 vita
885 2024 1098 2110 supplicantss.
1141 2023 1311 2088 Rotbertus
1334 2026 1425 2108 itaque
1464 2029 1465 2043 ¹

322 2109 449 2172 tantaell
473 2107 563 2172 caedi
585 2129 718 2192 parcere
739 2109 879 2194 petitae
901 2111 998 2173 instat
1018 2119 1054 2174 ut
1075 2117 1233 2173 eruantur.
1276 2108 1343 2173 Vix
1363 2127 1425 2194 quo·
1463 2183 1464 2190 ἵ

323 2213 386 2278 que
408 2189 449 2255 ab
472 2190 569 2256 caede
592 2193 713 2278 quievit
734 2194 912 2274 exercitus,
942 2191 1042 2256 multo
1064 2193 1276 2279 prosperioris
1296 2191 1424 2256 fortunae

321 2276 471 2341 incitatus
494 2297 655 2340 successu.
700 2275 818 2362 Sedato
840 2297 917 2340 vero
939 2276 1073 2340 tumulto
1107 2278 1162 2362 qui
1183 2276 1265 2340 inter
1286 2297 1339 2340 eos
1359 2274 1425 2361 poti-

323 2382 392 2426 ores
424 2359 618 2424 videbantur
650 2382 670 2424 a
697 2360 777 2424 duee
811 2361 897 2446 capti
925 2371 1012 2442 sunt,
1042 2325 1100 2425 reli
1147 2361 1154 2375 ‘

1102 2382 1156 2446 qur
1184 2381 1261 2424 vero
1293 2361 1352 2424 sub
1373 2360 1425 2421 iure

324 2442 474 2508 obsidum
496 2444 537 2507 ad
560 2442 692 2509 classem
715 2444 819 2509 redire
842 2445 1076 2530 permittuntur.

407 2526 458 2590 31.
501 2529 631 2592 Patrata
658 2549 734 2613 ergo
761 2528 910 2610 victoria,
938 2528 1160 2614 exercituque*
1183 2525 1334 2609 solutor,
1365 2526 1425 2589 Rot-

322 2609 431 2674 bertus
463 2612 624 2696 captos†††
647 2611 763 2674 Parisii
791 2611 932 2696 deponit.
989 2611 1091 2676 Hosl*
1119 2613 1367 2698 percunctansl,
1394 2630 1425 2671 an

322 2693 508 2756 christianil
548 2703 672 2776 essent,
705 2693 827 2758 nullum
867 2697 1002 2760 eoruml
1044 2697 1217 2782 quicquam
1251 2693 1310 2760 reli
1334 2692 1423 2758 ionisl

321 2775 525 2840 huiusmodil
561 2778 705 2862 attigisse
714 2778 745 2860 ¹¹,
782 2799 853 2842 corn
880 2780 947 2844 erit.
1005 2779 1103 2844 Misso
1144 2782 1252 2866 itaque
1288 2717 1349 2843 adk
1382 2797 1424 2840 eos
1464 2777 1465 2781 ’

322 2859 545 2924 instruendosl
579 2862 753 2926 reverendo
784 2800 985 2947 presbiterol
1013 2873 1045 2929 et
1077 2867 1234 2928 monacho
1268 2861 1425 2938 Martinol,

321 2943 363 3006 ad
385 2941 482 3007 fidem
505 2942 647 3008 Christil
676 2947 831 3024 conversi:
852 2957 934 3011 sunt.
979 2947 1067 3028 Qui¹¹
1094 2969 1170 3012 vero
1205 2947 1248 3011 ad
1284 2943 1425 3011 classeml

322 3026 500 3110 redierant,
523 3026 598 3091 aliil
621 3050 731 3092 eorum
753 3029 958 3113 christianil,
984 3030 1039 3095 alii
1060 3032 1204 3117 paganik
1226 3032 1370 3096 mixtimh
1390 3030 1425 3090 in·
1461 3052 1466 3087 ε

1461 3093 1465 3174 l

396 3152 419 3219 ¹)
440 3171 465 3220 q.
487 3155 581 3221 quinta
601 3161 642 3206 est
662 3157 698 3204 1:

383 3225 419 3292 “)
440 3243 463 3279 e.
474 3243 533 3278 cum
547 3230 662 3280 maximo
674 3228 789 3280 elamore
801 3245 861 3280 curn
872 3229 949 3296 (del.)
961 3232 1044 3296 signis
1057 3232 1162 3283 infestis
1179 3268 1185 3282 .
1198 3268 1204 3282 .
1216 3268 1222 3281 .
1235 3267 1241 3282 .
1253 3268 1260 3282 .
1272 3267 1278 3281 .
1297 3232 1321 3294 1,
1335 3246 1396 3281 corr.
1406 3226 1425 3275 2.

371 3297 420 3367 sss)
441 3307 467 3352 et
487 3302 652 3354 Gislebertus
679 3317 739 3354 eum
763 3303 856 3368 Belgis
881 3305 1031 3370 inprovisus
1054 3306 1224 3372 prosequitur
1245 3331 1278 3342 -
1299 3304 1387 3355 sternit
1405 3301 1423 3347 1Ι

395 3372 418 3437 l)
439 3375 542 3441 Belgae
563 3392 579 3426 a
598 3393 624 3442 p.
647 3377 669 3423 1.
745 3373 782 3440 ††)
804 3378 916 3442 quisque
936 3378 972 3428 ad
992 3393 1040 3428 sua
1059 3378 1139 3430 rediit
1159 3378 1222 3430 odd.
1245 3379 1269 3439 1,
1289 3378 1340 3429 del.
1361 3377 1382 3427 2.
1463 3429 1464 3434 ,

368 3444 420 3512 itt)
440 3450 472 3500 R.
492 3465 555 3500 vero
575 3448 684 3500 obsides
703 3451 848 3515 piratarum
870 3452 893 3510 1,
914 3466 981 3500 corr.
1002 3451 1027 3502 2.

383 3519 420 3587 †')
439 3523 497 3572 Hos
518 3549 551 3558 -
572 3523 777 3588 metropolitano
798 3521 832 3590 (c.
847 3520 896 3589 32)
915 3521 944 3573 ira
957 3539 1042 3590 marg.
1057 3524 1082 3584 2,
1101 3524 1192 3576 deletis
1208 3526 1308 3590 quael
1327 3520 1423 3586 scripte·

439 3601 499 3644 rat:
529 3595 571 3644 An
595 3594 710 3646 fideliter
735 3596 866 3662 baptizari
885 3597 1076 3662 spoponderint
1102 3597 1308 3662 diligentissime
1333 3592 1424 3664 perqui-

439 3683 509 3717 rens.
549 3667 691 3734 Comperto
711 3685 782 3731 vero,
803 3669 874 3735 qnod
894 3667 973 3736 (corr.
995 3667 1079 3736 quia),
1098 3672 1122 3722 si
1142 3672 1180 3722 eis
1199 3676 1270 3722 terra
1290 3671 1355 3722 mari
1373 3679 1423 3716 oon·

440 3741 522 3804 tigna,
549 3755 628 3804 quam
647 3743 699 3806 ipsi
724 3758 829 3808 quoque
855 3743 980 3794 insectati
1004 3743 1117 3811 fuerant,
1144 3743 1193 3795 sub
1213 3744 1312 3795 tributo
1333 3743 1424 3792 daretur

442 3812 678 3877 (coapostata),
695 3819 722 3864 et
742 3815 913 3866 christianam
932 3815 1089 3881 religionem
1109 3822 1204 3884 sponte
1223 3822 1387 3883 suscepturos
1404 3813 1424 3859 el

441 3886 498 3950 regi
518 3885 665 3936 Galliarum
685 3885 800 3937 fideliter
819 3888 986 3949 militaturos,
1014 3890 1077 3940 huic
1096 3892 1135 3940 rei
1154 3906 1207 3941 non
1226 3889 1347 3941 sufficere
1366 3886 1423 3948 (ooc-

434 3963 497 4022 post
511 3958 588 4022 add.)
605 3959 725 4023 credens,
743 3961 881 4012 consilinm
900 3961 928 4012 id
949 3961 1125 4013 ordinandum
1136 3964 1249 4014 wittoni
1268 3980 1316 4030 per
1334 3961 1423 4025 legatos

441 4030 532 4098 dirigit
544 4033 779 4098 Rotomagensium
797 4036 933 4101 episcopo.
971 4035 1082 4086 Necnon
1096 4041 1123 4086 et
1135 4037 1253 4087 Heriveo
1267 4032 1423 4088 Remensiun

440 4104 645 4171 metropolitano
665 4105 737 4156 idem
756 4107 850 4173 pandit
865 4123 897 4158 ac
911 4108 945 4158 ab
968 4123 1000 4160 eo
1018 4110 1149 4160 rationem
1168 4111 1245 4176 petit.
1284 4109 1320 4160 lli
1339 4103 1423 4157 etenim

440 4178 492 4229 dno
512 4177 711 4244 metropolitani
730 4179 851 4231 celebres
870 4212 1387 4235 .............................
1402 4175 1424 4222 lss

440 4251 535 4304 Galliis
555 4258 619 4303 tunc
638 4287 736 4303 ......
756 4254 942 4307 credebantur.

379 4340 402 4392 a)
418 4343 508 4393 piratae
525 4345 545 4384 1.
620 4341 644 4394 b)
661 4343 826 4392 protenderant
840 4356 857 4385 c.
934 4343 954 4398 c)
972 4355 1024 4386 cum
1039 4347 1158 4387 Dalmatio
1174 4346 1249 4397 etAq.
1267 4348 1287 4389 1.
1345 4340 1366 4392 d)
1382 4347 1423 4380 0⁰¹⁹

320 4411 350 4442 m.
367 4403 387 4440 1.
455 4400 477 4452 e)
494 4402 522 4441 lis
538 4412 595 4442 corr.
612 4402 637 4441 il.
706 4402 723 4452 f)
741 4403 796 4444 abac.
867 4401 891 4455 g)
907 4405 1056 4454 dimidiascre
1071 4406 1129 4445 tinea
1145 4417 1216 4448 crasa.
1284 4403 1308 4458 h)
1320 4395 1461 4454 postumi

320 4457 337 4510 i)
354 4470 398 4508 qne
414 4460 464 4501 add.
482 4461 502 4500 2.
554 4458 578 4509 k)
595 4464 611 4513 t,
627 4471 650 4512 n,
667 4471 686 4514 e,
702 4461 718 4514 1,
734 4461 756 4512 h,
773 4471 794 4514 g,
810 4472 832 4516 a,
849 4462 870 4517 d,
886 4463 995 4516 praebita,
1010 4464 1041 4516 M,
1057 4463 1142 4519 Christ,
1158 4465 1186 4518 Q,
1202 4476 1259 4520 sem,
1275 4475 1296 4519 a,
1310 4465 1325 4516 l,
1339 4461 1364 4500 nt
1377 4457 1422 4498 atre.
