2936 5010
279 377 431 429 RIOHERI
451 379 703 432 HISTORIARUM
721 381 834 433 LIBER
853 382 920 436 1111.
1107 383 1158 433 157

35 544 134 608 renda
157 545 242 608 nihil
263 557 447 628 metuentes,
471 568 545 610 eum
567 570 604 612 ae
629 571 670 613 ue
690 550 810 612 iustum
831 550 881 634 sit,
903 561 935 616 et
955 573 1045 616 reum
1063 553 1216 618 maiesor.

4 651 6 686 ὲ
35 630 122 693 statis
146 631 299 694 damnari
321 641 352 696 et
371 633 594 696 innocentema
607 571 735 698 iaxam’.
1167 619 1211 658 ¹⁹¹¹
1237 617 1271 657 ²⁷·

4 739 6 770 ³
36 751 81 814 59.
126 751 373 816 Demonstratio
401 752 570 834 Ratbodib,
598 753 685 838 quod
711 752 873 818 libellumb
904 754 1064 821 fidelitatis
1092 759 1157 844 epi·

4 839 5 848 ³
147 837 267 920 scopil
288 836 566 901 Lothariensiuml
588 840 778 923 perperamb
801 837 1039 905 calumnientur.

114 937 291 1004 Ratbodus
305 939 526 1005 Noviomensis
548 939 830 1027 episcopusdixit:
853 940 899 1006 ‘Si
913 939 1027 1026 placet,
1049 951 1231 1027 patreseorb
1258 967 1277 998 0-
1295 955 1316 1000 7·

4 1013 6 1042 ³
36 1023 216 1105 reverendi,
238 1021 380 1087 libellum
407 1023 577 1107 fidelitatis,
608 1023 648 1088 ab
671 1023 805 1088 Arnulfo
835 1025 995 1123 quondam
1024 1027 1156 1111 regibus

38 1103 73 1167 de
92 1104 252 1171 habenda
272 1107 335 1171 fide
356 1121 550 1193 porrectum,
573 1133 592 1172 a
605 1107 696 1173 vobis
718 1130 803 1172 nunc
818 1107 1052 1173 discutiendum
1067 1120 1155 1196 puto,

4 1223 6 1268 g
37 1187 173 1254 Videtur
198 1193 293 1273 enim,
320 1192 406 1277 quod
428 1191 512 1256 solus
534 1193 568 1256 in
597 1195 664 1257 eius
691 1192 916 1279 dampnatione
943 1194 1089 1276 sufficiat,
1117 1217 1154 1260 eo

4 1275 6 1280 ’
39 1273 120 1357 quod
142 1274 248 1340 fidem
269 1276 470 1340 iureiurando
500 1278 692 1363 promissam
720 1286 751 1340 et
779 1299 891 1341 manus
913 1279 1031 1364 scripto
1062 1279 1154 1344 robo-

37 1368 134 1421 ratam
150 1358 344 1444 sacrilegioc
359 1361 509 1447 periuriic
523 1363 650 1446 penitus
661 1359 838 1428 violaverit.
862 1362 926 1426 Sed
937 1375 984 1426 est
1000 1363 1154 1447 quiddam

5 1443 6 1448 ’
39 1442 117 1586 puori
139 1443 315 1526 remordet,
345 1444 431 1531 quod
454 1443 573 1510 scilicet
594 1467 613 1508 a
634 1444 888 1510 Lothariensium
917 1447 1090 1533 episcopm,
1118 1457 1155 1511 ut

5 1551 6 1554 ¹
50 1536 138 1609 ertur,
170 1539 283 1593 contra
310 1527 398 1591 illum
426 1530 613 1615 disputatur.
659 1528 900 1593 Oalumniantur
921 1529 1014 1612 enim,
1044 1542 1154 1596 contra

40 1607 119 1692 leges
135 1611 269 1676 divinas
284 1614 445 1698 scriptum,
461 1612 587 1696 lectum,
602 1613 810 1678 reconditum.
833 1613 927 1678 Unde
942 1623 982 1696 et,
998 1615 1025 1678 si
1039 1614 1152 1700 placet,

42 1694 99 1756 iam
120 1699 162 1760 *a
184 1696 279 1761 vobis
301 1697 517 1762 discutiendus
539 1698 572 1760 in
594 1698 756 1762 mediumd
778 1697 977 1783 proferatur',
1015 1699 1270 1764 Sinodus·f01.so.

41 1777 130 1844 dixit:
156 1781 371 1846 ‘Proferatur’.

240 1902 290 1966 60.
334 1901 456 1966 Textus
477 1900 596 1967 libelli⁰
617 1901 797 1966 fidelitatise
819 1902 953 1966 Amulli.

117 2003 269 2068 Prolatus
298 2013 346 2068 est
366 2005 484 2090 itaque,
506 2003 588 2068 hanc
609 2014 715 2069 textus
742 2007 855 2070 seriem
883 2003 1037 2070 habensl:
1070 2006 1152 2092 ‘Ego
1163 2024 1183 2054 ⁰·
1201 2013 1222 2053 ³·

6 2095 8 2154 ἑ
45 2081 192 2152 ernulfus
221 2090 324 2173 gratia
349 2089 414 2152 Dei
445 2090 648 2175 preveniente
681 2089 853 2153 Remorum
884 2089 1152 2237 archiepiscopus,

5 2175 7 2234 ξ
44 2173 190 2251 promitto
218 2172 348 2256 regibus
377 2173 575 2237 Francorum
596 2172 728 2257 Hugoni
751 2185 782 2238 et
803 2173 964 2254 Rotberto,
985 2195 1036 2236 me
1057 2175 1079 2236 fi
1102 2196 1153 2237 em

6 2260 7 2291 ³
45 2255 244 2336 purissimam
267 2266 474 2338 servaturum,
498 2255 664 2320 consilium
686 2268 717 2321 et
738 2256 893 2320 auxilium
915 2257 960 2320 eis
979 2257 1153 2321 secundum

4 2339 7 2420 j
45 2357 143 2402 meum
166 2342 250 2405 scire
272 2351 303 2404 et
323 2363 417 2427 posse
438 2341 472 2403 in
494 2340 640 2405 omnibus
661 2342 797 2426 negotiis
817 2340 1028 2426 prebiturum3
1050 2341 1153 2404 inimi-

4 2427 6 2462 ἒ
46 2421 101 2483 cisf
119 2446 234 2488 eorum
258 2447 317 2490 nec
340 2424 470 2489 consilio
499 2447 559 2490 neo
584 2423 703 2488 auxilio
725 2425 768 2488 ad
795 2447 904 2490 eorum
933 2423 1152 2490 infidelitatem

5 2476 10 2567 l
47 2505 175 2572 scienter
197 2508 391 2576 adiuturum.
441 2509 531 2573 Haec
557 2510 591 2572 in
619 2520 792 2594 conspectu
821 2509 947 2573 divinae
977 2510 1151 2574 maiestatis

4 2587 10 2673 l
46 2599 73 2651 et
91 2591 260 2658 beatorum
282 2595 450 2680 spirituum
471 2605 503 2658 et
523 2594 620 2658 totius
640 2592 812 2658 aecclesiae
827 2593 976 2657 assistens
991 2595 1151 2678 promitto,

48 2692 97 2755 pro
118 2675 202 2742 bene
224 2679 355 2742 servatis
381 2677 500 2742 laturus
529 2679 652 2764 premia
678 2685 824 2742 aeternae
851 2676 1065 2742 beatitudinis.
1117 2678 1152 2744 Si

4 2759 9 2840 l
47 2776 130 2841 vero,
165 2761 252 2848 quod
279 2761 351 2826 nolo
379 2773 411 2826 et
440 2762 524 2847 quod
554 2762 650 2844 absit,
683 2761 724 2826 ab
754 2761 803 2826 his
830 2761 1015 2844 deviavero,
1049 2764 1151 2826 omnis

5 2846 8 2920 i
46 2835 218 2911 benedictio
246 2869 318 2912 mea
343 2854 545 2911 convertatur
565 2847 599 2908 in
620 2844 891 2926 maledictionem,
922 2856 953 2910 et
978 2846 1056 2910 fiant
1084 2847 1152 2911 dies

4 2921 8 3042 1
48 2928 101 2989 mei
120 2931 234 3014 pauci,
265 2939 296 2994 et
317 2931 536 3017 episcopatum
565 2951 672 2993 meum
698 2932 833 3029 accipiat
860 2932 947 2994 alter.
990 2930 1153 2996 Recedant

4 3043 6 3090 l
51 3027 130 3074 ome
152 3015 249 3078 amici
271 3016 334 3078 mei
356 3016 480 3100 sintque
503 3023 657 3101 perpetuo
686 3015 817 3078 inimici.
867 3014 953 3078 Huic
980 3036 1041 3099 ego
1069 3017 1149 3078 ciro·

4 3105 6 3120 ¹
49 3095 161 3180 grapho
185 3122 204 3164 a
225 3121 277 3162 me
307 3099 392 3162 edito
418 3100 451 3161 in
478 3099 693 3162 testimonium
720 3096 949 3162 benedictionis
976 3097 1028 3162 vel
1056 3097 1151 3163 male-

49 3173 185 3247 dictionis
218 3204 307 3247 meae
337 3182 503 3248 subscribo
531 3181 642 3246 fratres
666 3205 705 3246 ue
733 3191 764 3246 et
789 3180 870 3244 lilios
897 3203 985 3244 meos
1014 3192 1050 3246 ut
1078 3181 1151 3246 sub-

47 3262 178 3331 scribant
199 3288 287 3352 rogo.
330 3267 401 3351 Ego
423 3264 576 3330 Arnulfus
597 3204 854 3351 archiepiscopus
876 3265 1068 3350 subscripsi.

83 3383 129 3448 61.
178 3386 332 3452 Arnulfus
362 3386 523 3452 libellum&
549 3409 590 3451 ex
618 3394 708 3473 parte
734 3386 871 3472 probat&
898 3395 930 3450 et
956 3407 997 3450 ex
1023 3393 1114 3471 parte

498 3473 657 3557 vituperat
666 3483 689 3535 8.

123 3571 196 3652 Quo
216 3575 359 3653 recitato,
381 3597 401 3638 a
423 3573 534 3639 sinodo
557 3575 793 3660 investigatur²,
820 3593 861 3636 an
889 3570 1021 3637 alicuius
1042 3593 1148 3658 repre·
1161 3597 1179 3626 c·
1196 3585 1217 3626 9·

49 3642 198 3722 hensionis
220 3668 275 3722 aut
296 3657 488 3722 defensionis
509 3659 574 3722 vim
600 3657 716 3723 habere
742 3657 897 3722 videatur.
940 3656 1031 3721 Tunc
1056 3679 1149 3722 vene·

49 3733 146 3802 rabilis
168 3743 338 3829 episcopus
359 3741 521 3826 Arnulfus,
543 3763 580 3807 eo
604 3741 689 3827 quod
712 3741 850 3806 officium
870 3742 1098 3828 interpretandi
1120 3743 1150 3806 ei

52 3825 245 3891 commissum
267 3837 349 3891 erat:
378 3826 431 3891 ‘Et
451 3849 509 3912 pro
532 3825 584 3908 se’,
605 3827 717 3912 inquit,
749 3833 799 3890 ‘ex
843 3837 909 3892 arte
932 3825 1145 3890 defensionem

52 3906 178 3975 continet
220 3922 252 3976 et
292 3913 376 3976 vires
409 3933 451 3974 ex
482 3919 572 3997 parte
603 3847 884 3995 reprehensoribus
916 3909 1146 3974 accommodat.

101 4066 122 4118 ²)
138 4073 299 4116 innoxcentem
320 4074 385 4114 delato
401 4085 423 4115 x.
513 4072 537 4126 b)
557 4073 639 4125 Ratbo,
659 4074 713 4116 bell,
735 4074 839 4122 episcopt
857 4073 883 4123 L,
906 4082 1027 4122 perperam
1044 4071 1070 4124 (a
1090 4070 1146 4114 absc,

52 4115 189 4229 ihfflffl'
249 4133 271 4185 u)
289 4134 364 4174 merto
382 4135 401 4174 1.
467 4130 488 4184 e)
505 4133 545 4173 eur
561 4133 605 4173 soe
620 4133 676 4173 aoso.
742 4133 805 4182 oua
820 4143 837 4172 ε.
906 4130 929 4181 g)
947 4131 1039 4178 aeuum,
1056 4131 1146 4182 probat,

118 4283 143 4348 l]
166 4289 242 4340 Haec
267 4287 381 4341 fideliter
407 4289 539 4354 exscripta
564 4293 625 4338 sunt
649 4302 682 4338 ex
705 4287 833 4338 Gerberto
859 4301 881 4335 e.
902 4284 928 4335 8.
1022 4283 1050 4349 2)
1069 4285 1147 4335 Haec

53 4341 169 4411 Richemg
189 4378 220 4412 ex
238 4361 339 4414 Amulli
358 4363 477 4414 oratione
498 4361 598 4412 sumsit.
