2936 5010
308 356 344 407 88
564 353 717 406 RIOHERI
736 352 989 406 HISTORIARUM
1007 353 1119 405 LIBER
1136 353 1189 404 111.

248 543 301 588 sss.
314 521 461 605 Carnoti,
490 521 641 603 Turonis,
671 518 765 586 Bleso
794 518 928 606 aliisque
957 541 1055 606 quam
1082 519 1229 607 plurimis
1258 497 1454 586 Neustriasl

313 603 449 672 urbibus
481 605 672 692 oppidisque
683 617 704 669 ¹.
753 603 833 668 Inde
863 625 991 690 quoque
1013 625 1087 669 cum
1108 606 1251 670 exercitu
1272 605 1306 668 in
1327 604 1431 690 Aqui-

313 690 433 757 taniam
454 687 608 754 feruntur.
650 687 694 752 Et
717 687 881 774 premissis
902 685 1025 773 legatis,
1056 709 1129 752 cum
1151 686 1321 755 Wilelmus
1343 688 1433 774 prin-

312 795 390 860 ceps
418 781 605 838 occurrere¹
631 769 738 855 nollet,
765 771 924 836 Pictavim
951 770 1147 854 adoriuntur,
1175 772 1356 858 principem
1385 769 1430 834 ibi

313 879 383 923 esse
404 857 475 921 rati.
518 854 602 922 Oum
624 877 700 942 ergo
730 856 889 920 exercitus
915 855 1190 920 vehementissime
1215 856 1330 921 urbem
1352 864 1429 919 atte-

311 949 396 1006 reret
425 952 457 1006 et
485 939 661 1004 diutissime
689 959 832 1024 pugnam
861 938 992 1004 urbanis
1019 939 1158 1022 inferret,
1187 960 1207 1002 a
1257 938 1429 1004 uibusdam

309 1024 408 1110 regiis
424 1033 563 1090 castrum
578 1030 705 1088 sanctae
719 1021 927 1108 Radegundis
944 1021 1017 1086 urbi
1032 1024 1217 1108 contiguum
1232 961 1430 1088 dlandestina

313 1109 486 1194 irreptione
523 1117 651 1193 captum
687 1115 782 1193 atque
818 1127 1006 1170 succensum
1039 1115 1095 1172 est.
1146 1104 1320 1193 Comperto
1352 1127 1428 1170 vero

313 1192 492 1278 principem
515 1212 579 1255 non
608 1189 729 1272 adesse,
756 1189 882 1255 tandem
912 1198 985 1276 post
1013 1189 1147 1254 duorum
1170 1191 1329 1255 mensium
1353 1189 1431 1268 dies,

314 1275 420 1342 victus
441 1273 618 1362 indigentia
646 1275 791 1339 exercitu
819 1273 962 1360 fatigato,
992 1274 1033 1340 ab
1055 1273 1222 1340 obsidione
1245 1273 1430 1338 disceditur.

398 1396 428 1460 4.
462 1392 631 1460 Wilehnus
654 1415 730 1458 vero
752 1391 929 1458 Arverniae
950 1393 1028 1458 fines
1074 1392 1256 1474 erlustrans‚
1279 1401 1430 1480 quaeest

314 1477 507 1566 Aquitaniae
536 1499 621 1564 pars,
651 1475 692 1540 ab
723 1476 850 1564 opidis
878 1476 995 1543 milites
1022 1415 1186 1559 educebat,
1216 1477 1258 1542 ad
1286 1497 1427 1563 pugnam

315 1563 490 1628 exercitum
513 1560 676 1646 colligens.
711 1499 927 1660 Ooffectoque,
943 1562 977 1626 in
991 1583 1100 1647 regem
1120 1561 1228 1626 fertur.
1262 1561 1336 1642 Quo
1351 1559 1427 1624 renl

199 1669 256 1716 ⁸101.
268 1675 303 1718 cr.
315 1656 489 1745 comperto,
506 1645 608 1710 *duce
623 1643 747 1712 favente
762 1653 939 1714 exerc1tum
953 1646 987 1710 in
1002 1643 1126 1711 hostem
1140 1645 1275 1710 reducit.
1308 1644 1427 1730 Signis-

314 1751 376 1816 quo
397 1729 519 1795 infestis
542 1728 756 1814 congreditur.
797 1729 963 1795 Acerrime
986 1727 1172 1794 dimicatum
1191 1737 1249 1812 est,
1269 1725 1429 1794 nonnullis

313 1813 473 1899 utrimque
495 1812 584 1877 fusis.
639 1811 705 1877 Sed
726 1813 814 1900 regio
838 1813 1001 1899 equitatu⁶
1021 1811 1216 1899 prevalente,
1249 1812 1428 1899 Aquitanos

314 1896 392 1982 fuga
414 1897 566 1982 exagitat.
614 1895 661 1960 Re
685 1896 735 1962 iae
767 1918 844 1962 vero
877 1897 962 1961 acies
992 1897 1207 1982 promtissime
1233 1897 1427 1961 insecuntur.

313 1980 353 2044 In
376 2001 440 2078 qua
461 1979 538 2066 fuga
558 1918 702 2044 nonnulli
723 1977 959 2067 Aquitanorum
981 1979 1149 2062 interfecti,
1171 1979 1301 2066 plurimi
1322 1989 1425 2044 autem

314 2072 401 2150 capti
422 2062 559 2129 fuerunt.
602 2061 771 2130 Wilelmus
792 2085 868 2130 vero
898 2063 994 2128 devia
1022 2073 1159 2147 secutus,
1189 2086 1262 2128 cum
1284 2062 1425 2130 duobus¹

312 2147 369 2212 vix
390 2169 449 2234 per
469 2147 606 2234 abrupta
626 2147 777 2234 profugit.

398 2268 428 2333 b.
461 2268 554 2333 Rex³
577 2267 677 2368 crgol
698 2289 853 2417 prospero
875 2266 950 2333 belli
972 2289 1122 2332 successu
1149 2267 1294 2352 insignis,
1321 2267 1424 2330 aciese

312 2353 430 2417 iterum
451 2351 593 2417 Pictavis
615 2351 724 2417 rnferri
745 2352 778 2415 iu
803 2362 834 2417 et
842 2352 860 2416 ἲ.
909 2350 1135 2417 Arbitrabatur
1157 2352 1284 2432 etenim,
1316 2350 1422 2415 urbem

314 2444 390 2499 tunc
411 2434 561 2500 facillime
585 2437 657 2520 capi
678 2455 782 2522 posse,
805 2457 878 2500 cum
894 2435 1053 2502 exercitus
1067 2436 1204 2500 recentis
1218 2433 1295 2500 belli
1309 2435 1422 2498 animo-

314 2519 407 2583 sitate
429 2518 557 2584 adhuc&
578 2519 699 2584 ferveat
720 2528 752 2584 et
771 2519 886 2585 urbani
914 2517 1012 2584 multo
1039 2519 1241 2584 detineantur
1268 2528 1355 2584 metu
1384 2517 1420 2580 ob

314 2602 470 2688 principis
486 2604 536 2666 sui
549 2603 660 2688 fugam
676 2604 807 2702 eiusque
822 2602 958 2668 militum
973 2601 1132 2668 infelicem
1153 2611 1313 2670 eventum.
1348 2601 1420 2665 Dux

314 2687 422 2771 itaque
451 2687 535 2770 regis
564 2687 858 2772 magnanimitatem
886 2684 986 2752 multo
1008 2686 1117 2752 favore
1138 2687 1314 2773 excipiens,
1340 2706 1419 2750 exer·

316 2768 423 2851 citum,
450 2767 526 2834 licet
551 2769 606 2834 fati
631 2778 729 2853 atum,
760 2779 814 2836 ets
842 2781 949 2836 tamen
976 2793 1033 2835 sua
1060 2769 1257 2856 benignitate
1287 2779 1419 2855 captum,

203 2849 388 2916 ·1›.o11.u1·bi
409 2851 543 2918 reducit.
573 2792 709 2920 *titan
730 2876 806 2919 vero
828 2852 903 2920 belli
925 2875 1000 2920 casu
1021 2855 1185 2920 exanimes
1210 2855 1310 2918 vitam
1332 2853 1418 2937 depo-

314 2943 407 3000 scunt
429 2943 460 3000 et
480 2958 539 3022 pro
560 2937 649 3002 urbis
670 2936 834 3004 illesionel
857 2937 1049 3024 supplicant.
1104 2937 1187 3003 Oum
1209 2947 1317 3002 autem
1339 2957 1417 3002 exer-

314 3019 395 3083 citus
421 3017 534 3084 urbem
561 3022 594 3086 vi
623 3020 718 3087 vellet
744 3021 920 3108 irrumpere
949 3032 981 3087 et
1013 3020 1116 3108 spolia
1144 3045 1179 3086 as
1205 3031 1319 3102 ortare,
1350 3021 1417 3098 dux,
1453 3009 1454 3088 l

313 3101 422 3168 habita
442 3103 531 3188 apud
552 3126 606 3169 eos
629 3104 835 3204 dissuasione,
863 3107 1015 3171 intactam
1042 3127 1118 3190 rege
1139 3045 1269 3204 iubente
1291 3104 1416 3253 religuit
1453 3111 1454 3176 l

312 3185 385 3251 Rex
406 3197 513 3252 autem
535 3187 576 3253 ab
598 3186 729 3253 urbanis
752 3188 879 3254 obsides
902 3199 979 3284 quot
992 3188 1061 3254 vult
1076 3199 1171 3276 caprt.
1209 3189 1327 3276 Sicque
1365 3206 1414 3251 uce
1453 3215 1454 3262 1

257 3333 264 3346 ,
312 3270 556 3355 interveniente,
586 3271 663 3336 urbs
690 3273 732 3338 ab
761 3273 918 3338 exercitu¹
948 3271 1080 3338 liberata
1101 3283 1158 3338 est.
1200 3273 1245 3336 Et
1266 3273 1325 3338 sub
1345 3290 1416 3358 paco

313 3365 478 3442 sequestra
499 3355 621 3422 obsidio
649 3354 789 3422 solvitur.
833 3357 1054 3444 Prosperaque
1080 3379 1186 3422 rerum
1213 3357 1341 3422 fortuna
1366 3374 1415 3418 rex

251 3459 387 3510 utacum
407 3439 488 3505 duce
511 3448 543 3505 et
564 3440 706 3506 exercitu
727 3439 920 3505 Laudunum
941 3441 1066 3526 repetit.
1109 3441 1188 3505 Dux
1213 3462 1290 3506 vero
1311 3437 1414 3504 Parisii
1453 3451 1454 3508 l

311 3531 469 3607 receptus,
491 3525 524 3587 in
546 3522 758 3609 egritudinem
780 3523 908 3606 decidit,
933 3545 996 3623 qua
1022 3524 1156 3588 nimium
1178 3523 1320 3606 affectus,
1340 3523 1414 3586 vitae

312 3603 409 3752 Ἥ
424 3607 583 3704 accepit&
628 3606 841 3694 Sepultusque
864 3617 912 3673 est
937 3631 970 3672 1n
998 3605 1133 3673 basilica
1160 3609 1265 3674 sancti
1286 3603 1414 3672 Dionisii
1453 3625 1454 3664 r

311 3709 344 3750 m
406 3709 460 3752 ns.
1453 3705 1454 3712 ’

371 3882 394 3936 a)
416 3895 510 3926 occurre
525 3898 543 3930 c.
617 3886 641 3940 b)
662 3899 713 3930 cnm
729 3891 787 3931 duce
802 3890 853 3930 add.
871 3891 891 3930 1.
967 3887 988 3942 o)
1012 3890 1115 3931 exercitu
1132 3891 1153 3930 l.
1229 3887 1253 3940 d)
1277 3893 1322 3930 tam
1337 3887 1380 3928 add.
1394 3886 1411 3925 1.

310 3941 478 4055 glregffilgpn}
495 3947 515 3986 1.
583 3943 689 3999 olosert
705 3951 726 3990 1.
793 3946 816 4000 g)
830 3954 880 3998 post
896 3949 945 3992 cdd.
1012 3947 1036 4001 h)
1053 3949 1127 3989 salute
1145 3949 1164 3988 1.
1230 3947 1247 4000 i)
1265 3959 1279 3988 a
1293 3942 1412 4002 (portm)
1453 3983 1454 3986 ,

377 4170 414 4260 ‘ll
432 4173 510 4225 Haec
528 4175 659 4227 Richards
679 4174 792 4227 addidit.
866 4173 895 4242 2)
915 4191 973 4226 cam
990 4173 1086 4242 paucis
1107 4175 1187 4227 Flod.
1262 4173 1292 4242 3)
1311 4158 1441 4268 ΗιιοἾχί

308 4259 338 4296 re
357 4245 424 4296 mhrl
442 4246 521 4300 Flod.
595 4249 623 4314 4)
640 4248 753 4301 Mortem
774 4248 896 4314 Hugonis
916 4249 1033 4301 breviter
1053 4253 1181 4301 memorat
1199 4248 1279 4302 Flod.
