<?xml version="1.0" encoding="UTF-8"?>
<!DOCTYPE html PUBLIC "-//W3C//DTD XHTML 1.0 Transitional//EN"
    "http://www.w3.org/TR/xhtml1/DTD/xhtml1-transitional.dtd">
<html xmlns="http://www.w3.org/1999/xhtml" xml:lang="en" lang="en">
 <head>
  <title>
</title>
<meta http-equiv="Content-Type" content="text/html;charset=utf-8" />
  <meta name='ocr-system' content='tesseract 3.04.00' />
  <meta name='ocr-capabilities' content='ocr_page ocr_carea ocr_par ocr_line ocrx_word'/>
</head>
<body>
  <div class='ocr_page' id='page_1' title='image "./richerihistoria00richgoog_0029.png"; bbox 0 0 2938 5016; ppageno 0'>
   <div class='ocr_carea' id='block_1_1' title="bbox 299 387 1158 444">
    <p class='ocr_par' dir='ltr' id='par_1_1' title="bbox 299 387 1158 444">
     <span class='ocr_line' id='line_1_1' title="bbox 299 387 1158 444; baseline -0.007 0"><span class='ocrx_word' id='word_1_1' title='bbox 299 395 316 444; x_wconf 87' lang='lat'>8</span> <span class='ocrx_word' id='word_1_2' title='bbox 562 389 717 442; x_wconf 75' lang='lat' dir='ltr'><strong>aleriam</strong></span> <span class='ocrx_word' id='word_1_3' title='bbox 735 389 988 442; x_wconf 79' lang='lat' dir='ltr'>HISTORIARUM</span> <span class='ocrx_word' id='word_1_4' title='bbox 1006 387 1117 440; x_wconf 82' lang='lat' dir='ltr'>LIBER</span> <span class='ocrx_word' id='word_1_5' title='bbox 1136 388 1158 438; x_wconf 91' lang='lat'><strong>1.</strong></span> 
     </span>
    </p>
   </div>
   <div class='ocr_carea' id='block_1_2' title="bbox 186 436 1461 1632">
    <p class='ocr_par' dir='ltr' id='par_1_2' title="bbox 186 436 1461 1632">
     <span class='ocr_line' id='line_1_2' title="bbox 239 436 1459 648; baseline 0.001 -28"><span class='ocrx_word' id='word_1_6' title='bbox 239 578 360 648; x_wconf 77' lang='lat' dir='ltr'><strong>senper</strong></span> <span class='ocrx_word' id='word_1_7' title='bbox 386 558 526 624; x_wconf 86' lang='lat' dir='ltr'><strong>hostium</strong></span> <span class='ocrx_word' id='word_1_8' title='bbox 554 559 639 624; x_wconf 87' lang='lat' dir='ltr'><strong>acies</strong></span> <span class='ocrx_word' id='word_1_9' title='bbox 667 557 806 624; x_wconf 83' lang='lat' dir='ltr'><strong>efferam.</strong></span> <span class='ocrx_word' id='word_1_10' title='bbox 849 555 917 620; x_wconf 87' lang='lat' dir='ltr'><strong>Nec</strong></span> <span class='ocrx_word' id='word_1_11' title='bbox 938 555 1098 621; x_wconf 86' lang='lat' dir='ltr'><strong>fortunam</strong></span> <span class='ocrx_word' id='word_1_12' title='bbox 1127 552 1202 621; x_wconf 91' lang='lat' dir='ltr'><strong>belli</strong></span> <span class='ocrx_word' id='word_1_13' title='bbox 1231 556 1407 643; x_wconf 81' lang='lat' dir='ltr'><strong>ambiguam</strong></span> <span class='ocrx_word' id='word_1_14' title='bbox 1452 436 1459 601; x_wconf 85' lang='lat' dir='ltr'><strong>l</strong></span> 
     </span>
     <span class='ocr_line' id='line_1_3' title="bbox 302 639 1461 739; baseline -0.005 -29"><span class='ocrx_word' id='word_1_15' title='bbox 302 667 344 710; x_wconf 88' lang='lat' dir='ltr'><strong>ex</strong></span> <span class='ocrx_word' id='word_1_16' title='bbox 368 664 492 726; x_wconf 79' lang='lat' dir='ltr'><strong>aresce,</strong></span> <span class='ocrx_word' id='word_1_17' title='bbox 522 663 595 708; x_wconf 92' lang='lat' dir='ltr'><strong>cum</strong></span> <span class='ocrx_word' id='word_1_18' title='bbox 623 639 721 707; x_wconf 89' lang='lat' dir='ltr'><strong>semel</strong></span> <span class='ocrx_word' id='word_1_19' title='bbox 747 663 798 706; x_wconf 90' lang='lat' dir='ltr'><strong>me</strong></span> <span class='ocrx_word' id='word_1_20' title='bbox 820 639 1008 704; x_wconf 79' lang='lat' dir='ltr'><strong>moriturum</strong></span> <span class='ocrx_word' id='word_1_21' title='bbox 1036 643 1213 739; x_wconf 89' lang='lat' dir='ltr'><strong>cognosco’.</strong></span> <span class='ocrx_word' id='word_1_22' title='bbox 1258 639 1313 705; x_wconf 87' lang='lat' dir='ltr'><strong>Ad</strong></span> <span class='ocrx_word' id='word_1_23' title='bbox 1339 639 1408 703; x_wconf 87' lang='lat' dir='ltr'><strong>haec</strong></span> <span class='ocrx_word' id='word_1_24' title='bbox 1460 663 1461 704; x_wconf 73' lang='lat' dir='ltr'><strong>r</strong></span> 
     </span>
     <span class='ocr_line' id='line_1_4' title="bbox 303 665 1461 811; baseline -0.003 -16"><span class='ocrx_word' id='word_1_25' title='bbox 303 665 376 795; x_wconf 76' lang='lat' dir='ltr'><strong>odo</strong></span> <span class='ocrx_word' id='word_1_26' title='bbox 408 749 483 792; x_wconf 85' lang='lat' dir='ltr'><strong>rex:</strong></span> <span class='ocrx_word' id='word_1_27' title='bbox 517 725 661 809; x_wconf 88' lang='lat' dir='ltr'><strong>‘Nostr0’‚</strong></span> <span class='ocrx_word' id='word_1_28' title='bbox 692 725 809 811; x_wconf 88' lang='lat' dir='ltr'><strong>inquit,</strong></span> <span class='ocrx_word' id='word_1_29' title='bbox 846 723 939 789; x_wconf 89' lang='lat' dir='ltr'><strong>‘dono</strong></span> <span class='ocrx_word' id='word_1_30' title='bbox 972 745 1010 789; x_wconf 91' lang='lat' dir='ltr'><strong>ac</strong></span> <span class='ocrx_word' id='word_1_31' title='bbox 1041 726 1225 810; x_wconf 88' lang='lat' dir='ltr'><strong>pnncipum</strong></span> <span class='ocrx_word' id='word_1_32' title='bbox 1256 723 1407 789; x_wconf 86' lang='lat' dir='ltr'><strong>voluntate</strong></span> <span class='ocrx_word' id='word_1_33' title='bbox 1460 749 1461 792; x_wconf 71' lang='lat' dir='ltr'><strong>r</strong></span> 
     </span>
     <span class='ocr_line' id='line_1_5' title="bbox 303 807 1409 898; baseline -0.007 -20"><span class='ocrx_word' id='word_1_34' title='bbox 303 811 435 898; x_wconf 75' lang='lat' dir='ltr'><strong>signiter</strong></span> <span class='ocrx_word' id='word_1_35' title='bbox 455 812 540 876; x_wconf 89' lang='lat' dir='ltr'><strong>esto&#39;.</strong></span> <span class='ocrx_word' id='word_1_36' title='bbox 583 809 641 874; x_wconf 87' lang='lat' dir='ltr'><strong>Ille</strong></span> <span class='ocrx_word' id='word_1_37' title='bbox 663 810 790 896; x_wconf 87' lang='lat' dir='ltr'><strong>signum</strong></span> <span class='ocrx_word' id='word_1_38' title='bbox 816 809 980 894; x_wconf 86' lang='lat' dir='ltr'><strong>excipiens</strong></span> <span class='ocrx_word' id='word_1_39' title='bbox 988 819 1011 890; x_wconf 79' lang='lat'><strong>⁸,</strong></span> <span class='ocrx_word' id='word_1_40' title='bbox 1039 810 1168 894; x_wconf 81' lang='lat' dir='ltr'><strong>agmine</strong></span> <span class='ocrx_word' id='word_1_41' title='bbox 1196 807 1330 874; x_wconf 85' lang='lat' dir='ltr'><strong>densato</strong></span> <span class='ocrx_word' id='word_1_42' title='bbox 1360 808 1409 872; x_wconf 91' lang='lat' dir='ltr'><strong>cir-</strong></span> 
     </span>
     <span class='ocr_line' id='line_1_6' title="bbox 303 891 1408 982; baseline -0.007 -20"><span class='ocrx_word' id='word_1_43' title='bbox 303 903 486 982; x_wconf 89' lang='lat' dir='ltr'><strong>cumseptus</strong></span> <span class='ocrx_word' id='word_1_44' title='bbox 524 893 700 959; x_wconf 89' lang='lat' dir='ltr'><strong>incedebat.</strong></span> <span class='ocrx_word' id='word_1_45' title='bbox 753 894 934 980; x_wconf 88' lang='lat' dir='ltr'><strong>Factusque</strong></span> <span class='ocrx_word' id='word_1_46' title='bbox 967 894 1060 958; x_wconf 89' lang='lat' dir='ltr'><strong>cunei</strong></span> <span class='ocrx_word' id='word_1_47' title='bbox 1095 891 1240 958; x_wconf 86' lang='lat' dir='ltr'><strong>militaris</strong></span> <span class='ocrx_word' id='word_1_48' title='bbox 1274 913 1408 970; x_wconf 86' lang='lat' dir='ltr'><strong>acumen,</strong></span> 
     </span>
     <span class='ocr_line' id='line_1_7' title="bbox 302 976 1459 1126; baseline -0.007 -80"><span class='ocrx_word' id='word_1_49' title='bbox 302 980 408 1046; x_wconf 89' lang='lat' dir='ltr'><strong>hostes</strong></span> <span class='ocrx_word' id='word_1_50' title='bbox 430 977 649 1045; x_wconf 84' lang='lat' dir='ltr'><strong>vibrabundus</strong></span> <span class='ocrx_word' id='word_1_51' title='bbox 678 976 863 1076; x_wconf 79' lang='lat' dir='ltr'><strong>ingreditur.</strong></span> <span class='ocrx_word' id='word_1_52' title='bbox 907 977 1142 1126; x_wconf 59' lang='lat' dir='ltr'><strong>Pracipitantur</strong></span> <span class='ocrx_word' id='word_1_53' title='bbox 1167 976 1300 1043; x_wconf 89' lang='lat' dir='ltr'><strong>barbari</strong></span> <span class='ocrx_word' id='word_1_54' title='bbox 1324 978 1408 1041; x_wconf 88' lang='lat' dir='ltr'><strong>vires-</strong></span> <span class='ocrx_word' id='word_1_55' title='bbox 1458 1021 1459 1024; x_wconf 63' lang='lat'>,</span> 
     </span>
     <span class='ocr_line' id='line_1_8' title="bbox 186 1061 1410 1152; baseline -0.005 -25"><span class='ocrx_word' id='word_1_56' title='bbox 186 1081 224 1136; x_wconf 66' lang='lat' dir='ltr'><strong>&#39;a</strong></span> <span class='ocrx_word' id='word_1_57' title='bbox 240 1084 365 1152; x_wconf 77' lang='lat' dir='ltr'><strong>utaque</strong></span> <span class='ocrx_word' id='word_1_58' title='bbox 380 1064 557 1128; x_wconf 77' lang='lat' dir='ltr'><strong>amittunt⁸.</strong></span> <span class='ocrx_word' id='word_1_59' title='bbox 594 1061 638 1126; x_wconf 84' lang='lat' dir='ltr'><strong>At</strong></span> <span class='ocrx_word' id='word_1_60' title='bbox 659 1084 766 1148; x_wconf 84' lang='lat' dir='ltr'><strong>regrus</strong></span> <span class='ocrx_word' id='word_1_61' title='bbox 781 1061 940 1127; x_wconf 86' lang='lat' dir='ltr'><strong>exercitus</strong></span> <span class='ocrx_word' id='word_1_62' title='bbox 956 1083 990 1126; x_wconf 91' lang='lat' dir='ltr'><strong>re</strong></span> <span class='ocrx_word' id='word_1_63' title='bbox 1014 1063 1092 1144; x_wconf 86' lang='lat' dir='ltr'><strong>iens,</strong></span> <span class='ocrx_word' id='word_1_64' title='bbox 1114 1062 1250 1126; x_wconf 79' lang='lat' dir='ltr'><strong>*iterum</strong></span> <span class='ocrx_word' id='word_1_65' title='bbox 1272 1061 1410 1145; x_wconf 84' lang='lat' dir='ltr'><strong>irrumpit</strong></span> 
     </span>
     <span class='ocr_line' id='line_1_9' title="bbox 304 1144 1461 1234; baseline -0.003 -20"><span class='ocrx_word' id='word_1_66' title='bbox 304 1149 486 1234; x_wconf 77' lang='lat' dir='ltr'><strong>sternitque.</strong></span> <span class='ocrx_word' id='word_1_67' title='bbox 531 1147 708 1232; x_wconf 80' lang='lat' dir='ltr'><strong>Tercioque</strong></span> <span class='ocrx_word' id='word_1_68' title='bbox 736 1146 865 1211; x_wconf 84' lang='lat' dir='ltr'><strong>adortus</strong></span> <span class='ocrx_word' id='word_1_69' title='bbox 897 1144 963 1211; x_wconf 84' lang='lat' dir='ltr'><strong>fere</strong></span> <span class='ocrx_word' id='word_1_70' title='bbox 996 1167 1105 1210; x_wconf 88' lang='lat' dir='ltr'><strong>omnes</strong></span> <span class='ocrx_word' id='word_1_71' title='bbox 1137 1147 1301 1232; x_wconf 90' lang='lat' dir='ltr'><strong>opprimit.</strong></span> <span class='ocrx_word' id='word_1_72' title='bbox 1344 1144 1408 1208; x_wconf 77' lang='lat' dir='ltr'><strong>Exl</strong></span> <span class='ocrx_word' id='word_1_73' title='bbox 1454 1204 1461 1215; x_wconf 73' lang='grc'><strong>,,</strong></span> 
     </span>
     <span class='ocr_line' id='line_1_10' title="bbox 305 1227 1461 1319; baseline -0.006 -21"><span class='ocrx_word' id='word_1_74' title='bbox 305 1253 440 1319; x_wconf 92' lang='lat' dir='ltr'><strong>quorum</strong></span> <span class='ocrx_word' id='word_1_75' title='bbox 460 1229 598 1296; x_wconf 84' lang='lat' dir='ltr'><strong>tumultu</strong></span> <span class='ocrx_word' id='word_1_76' title='bbox 613 1251 687 1294; x_wconf 92' lang='lat' dir='ltr'><strong>cum</strong></span> <span class='ocrx_word' id='word_1_77' title='bbox 708 1252 764 1296; x_wconf 88' lang='lat' dir='ltr'><strong>aer</strong></span> <span class='ocrx_word' id='word_1_78' title='bbox 784 1229 935 1295; x_wconf 88' lang='lat' dir='ltr'><strong>densatus</strong></span> <span class='ocrx_word' id='word_1_79' title='bbox 956 1228 1056 1294; x_wconf 89' lang='lat' dir='ltr'><strong>multo</strong></span> <span class='ocrx_word' id='word_1_80' title='bbox 1078 1227 1210 1315; x_wconf 90' lang='lat' dir='ltr'><strong>pulvere</strong></span> <span class='ocrx_word' id='word_1_81' title='bbox 1231 1231 1410 1315; x_wconf 84' lang='lat' dir='ltr'><strong>pinguesce·</strong></span> <span class='ocrx_word' id='word_1_82' title='bbox 1455 1250 1461 1274; x_wconf 77' lang='lat'>¹</span> 
     </span>
     <span class='ocr_line' id='line_1_11' title="bbox 303 1311 1409 1402; baseline -0.003 -22"><span class='ocrx_word' id='word_1_83' title='bbox 303 1327 365 1399; x_wconf 90' lang='lat' dir='ltr'><strong>ret,</strong></span> <span class='ocrx_word' id='word_1_84' title='bbox 397 1313 552 1381; x_wconf 81' lang='lat' dir='ltr'><strong>Catillus*</strong></span> <span class='ocrx_word' id='word_1_85' title='bbox 575 1336 649 1378; x_wconf 90' lang='lat' dir='ltr'><strong>cum</strong></span> <span class='ocrx_word' id='word_1_86' title='bbox 680 1315 793 1402; x_wconf 88' lang='lat' dir='ltr'><strong>paucis</strong></span> <span class='ocrx_word' id='word_1_87' title='bbox 825 1336 884 1400; x_wconf 90' lang='lat' dir='ltr'><strong>per</strong></span> <span class='ocrx_word' id='word_1_88' title='bbox 916 1311 1085 1398; x_wconf 90' lang='lat' dir='ltr'><strong>caliginem</strong></span> <span class='ocrx_word' id='word_1_89' title='bbox 1113 1313 1191 1399; x_wconf 84' lang='lat' dir='ltr'><strong>fuga</strong></span> <span class='ocrx_word' id='word_1_90' title='bbox 1218 1336 1289 1380; x_wconf 90' lang='lat' dir='ltr'><strong>sese</strong></span> <span class='ocrx_word' id='word_1_91' title='bbox 1327 1313 1409 1378; x_wconf 85' lang='lat' dir='ltr'><strong>surri-</strong></span> 
     </span>
     <span class='ocr_line' id='line_1_12' title="bbox 303 1397 1410 1487; baseline -0.005 -23"><span class='ocrx_word' id='word_1_92' title='bbox 303 1401 374 1487; x_wconf 91' lang='lat' dir='ltr'><strong>puit</strong></span> <span class='ocrx_word' id='word_1_93' title='bbox 394 1410 489 1487; x_wconf 89' lang='lat' dir='ltr'><strong>atquc</strong></span> <span class='ocrx_word' id='word_1_94' title='bbox 503 1400 536 1462; x_wconf 94' lang='lat' dir='ltr'><strong>in</strong></span> <span class='ocrx_word' id='word_1_95' title='bbox 551 1397 688 1463; x_wconf 91' lang='lat' dir='ltr'><strong>dumetis</strong></span> <span class='ocrx_word' id='word_1_96' title='bbox 703 1421 771 1464; x_wconf 91' lang='lat' dir='ltr'><strong>sese</strong></span> <span class='ocrx_word' id='word_1_97' title='bbox 786 1397 917 1463; x_wconf 87' lang='lat' dir='ltr'><strong>abdidit.</strong></span> <span class='ocrx_word' id='word_1_98' title='bbox 963 1398 1027 1479; x_wconf 78' lang='lat' dir='ltr'><strong>Qui</strong></span> <span class='ocrx_word' id='word_1_99' title='bbox 1050 1419 1123 1462; x_wconf 92' lang='lat' dir='ltr'><strong>cum</strong></span> <span class='ocrx_word' id='word_1_100' title='bbox 1144 1397 1266 1481; x_wconf 84' lang='lat' dir='ltr'><strong>lateret,</strong></span> <span class='ocrx_word' id='word_1_101' title='bbox 1289 1421 1309 1462; x_wconf 89' lang='lat' dir='ltr'><strong>a</strong></span> <span class='ocrx_word' id='word_1_102' title='bbox 1323 1399 1410 1462; x_wconf 89' lang='lat' dir='ltr'><strong>victo·</strong></span> 
     </span>
     <span class='ocr_line' id='line_1_13' title="bbox 303 1481 1409 1632; baseline -0.005 -84"><span class='ocrx_word' id='word_1_103' title='bbox 303 1485 392 1584; x_wconf 81' lang='lat' dir='ltr'><strong>ribus</strong></span> <span class='ocrx_word' id='word_1_104' title='bbox 411 1484 532 1570; x_wconf 91' lang='lat' dir='ltr'><strong>passim</strong></span> <span class='ocrx_word' id='word_1_105' title='bbox 554 1481 736 1570; x_wconf 90' lang='lat' dir='ltr'><strong>palantibus</strong></span> <span class='ocrx_word' id='word_1_106' title='bbox 761 1491 905 1632; x_wconf 57' lang='lat' dir='ltr'><strong>repertus</strong></span> <span class='ocrx_word' id='word_1_107' title='bbox 927 1491 1022 1568; x_wconf 90' lang='lat' dir='ltr'><strong>atque</strong></span> <span class='ocrx_word' id='word_1_108' title='bbox 1046 1491 1157 1568; x_wconf 86' lang='lat' dir='ltr'><strong>captus</strong></span> <span class='ocrx_word' id='word_1_109' title='bbox 1184 1491 1241 1564; x_wconf 88' lang='lat' dir='ltr'><strong>est,</strong></span> <span class='ocrx_word' id='word_1_110' title='bbox 1271 1484 1409 1568; x_wconf 78' lang='lat' dir='ltr'><strong>suisque⁰</strong></span> 
     </span>
    </p>
   </div>
   <div class='ocr_carea' id='block_1_3' title="bbox 304 1565 1461 1757">
    <p class='ocr_par' dir='ltr' id='par_1_3' title="bbox 304 1565 1461 1757">
     <span class='ocr_line' id='line_1_14' title="bbox 304 1565 1461 1716; baseline -0.003 -84"><span class='ocrx_word' id='word_1_111' title='bbox 304 1589 360 1716; x_wconf 63' lang='lat' dir='ltr'><strong>ppt</strong></span> <span class='ocrx_word' id='word_1_112' title='bbox 381 1569 512 1632; x_wconf 69' lang='lat' dir='ltr'><strong>secum(1</strong></span> <span class='ocrx_word' id='word_1_113' title='bbox 533 1566 712 1632; x_wconf 77' lang='lat' dir='ltr'><strong>latuerantl</strong></span> <span class='ocrx_word' id='word_1_114' title='bbox 734 1565 788 1652; x_wconf 84' lang='lat' dir='ltr'><strong>gla</strong></span> <span class='ocrx_word' id='word_1_115' title='bbox 812 1567 841 1630; x_wconf 86' lang='grc' dir='ltr'><strong>ὀ</strong></span> <span class='ocrx_word' id='word_1_116' title='bbox 864 1566 1034 1650; x_wconf 84' lang='lat' dir='ltr'><strong>transfixis,</strong></span> <span class='ocrx_word' id='word_1_117' title='bbox 1064 1575 1138 1652; x_wconf 92' lang='lat' dir='ltr'><strong>post</strong></span> <span class='ocrx_word' id='word_1_118' title='bbox 1165 1565 1269 1652; x_wconf 87' lang='lat' dir='ltr'><strong>spolia</strong></span> <span class='ocrx_word' id='word_1_119' title='bbox 1297 1565 1411 1650; x_wconf 88' lang='lat' dir='ltr'><strong>direpta</strong></span> <span class='ocrx_word' id='word_1_120' title='bbox 1454 1607 1461 1655; x_wconf 68' lang='lat' dir='ltr'><strong>p</strong></span> 
     </span>
     <span class='ocr_line' id='line_1_15' title="bbox 337 1650 1459 1757; baseline -0.004 -41"><span class='ocrx_word' id='word_1_121' title='bbox 337 1651 413 1716; x_wconf 91' lang='lat' dir='ltr'><strong>doni</strong></span> <span class='ocrx_word' id='word_1_122' title='bbox 434 1651 502 1737; x_wconf 90' lang='lat' dir='ltr'><strong>regi</strong></span> <span class='ocrx_word' id='word_1_123' title='bbox 524 1650 647 1716; x_wconf 91' lang='lat' dir='ltr'><strong>oblatus</strong></span> <span class='ocrx_word' id='word_1_124' title='bbox 670 1659 725 1715; x_wconf 90' lang='lat' dir='ltr'><strong>est.</strong></span> <span class='ocrx_word' id='word_1_125' title='bbox 1453 1658 1459 1757; x_wconf 71' lang='grc' dir='ltr'>Ι</span> 
     </span>
    </p>
   </div>
   <div class='ocr_carea' id='block_1_4' title="bbox 192 1768 1461 3472">
    <p class='ocr_par' dir='ltr' id='par_1_4' title="bbox 192 1768 1461 3472">
     <span class='ocr_line' id='line_1_16' title="bbox 493 1768 1461 1856; baseline 0.002 -22"><span class='ocrx_word' id='word_1_126' title='bbox 493 1771 541 1836; x_wconf 93' lang='grc'><strong>10.</strong></span> <span class='ocrx_word' id='word_1_127' title='bbox 586 1769 739 1834; x_wconf 81' lang='lat' dir='ltr'><strong>Tiranni⁰</strong></span> <span class='ocrx_word' id='word_1_128' title='bbox 761 1768 940 1856; x_wconf 89' lang='lat' dir='ltr'><strong>baptismus</strong></span> <span class='ocrx_word' id='word_1_129' title='bbox 962 1780 1013 1835; x_wconf 78' lang='lat' dir='ltr'><strong>et⁶</strong></span> <span class='ocrx_word' id='word_1_130' title='bbox 1036 1771 1244 1835; x_wconf 45' lang='lat' dir='ltr'><strong>interfectio&amp;</strong></span> <span class='ocrx_word' id='word_1_131' title='bbox 1454 1772 1461 1852; x_wconf 72' lang='lat' dir='ltr'><strong>&#39;l</strong></span> 
     </span>
     <span class='ocr_line' id='line_1_17' title="bbox 388 1834 1459 1959; baseline -0.004 -20"><span class='ocrx_word' id='word_1_132' title='bbox 388 1872 517 1940; x_wconf 89' lang='lat' dir='ltr'><strong>Utiliter</strong></span> <span class='ocrx_word' id='word_1_133' title='bbox 538 1893 613 1959; x_wconf 86' lang='lat' dir='ltr'><strong>ergo</strong></span> <span class='ocrx_word' id='word_1_134' title='bbox 635 1881 761 1958; x_wconf 87' lang='lat' dir='ltr'><strong>patrata</strong></span> <span class='ocrx_word' id='word_1_135' title='bbox 787 1873 930 1954; x_wconf 89' lang='lat' dir='ltr'><strong>victoria,</strong></span> <span class='ocrx_word' id='word_1_136' title='bbox 959 1893 1018 1936; x_wconf 86' lang='lat' dir='ltr'><strong>rex</strong></span> <span class='ocrx_word' id='word_1_137' title='bbox 1040 1873 1199 1936; x_wconf 86' lang='lat' dir='ltr'><strong>tirannum</strong></span> <span class='ocrx_word' id='word_1_138' title='bbox 1222 1883 1352 1959; x_wconf 88' lang='lat' dir='ltr'><strong>captum</strong></span> <span class='ocrx_word' id='word_1_139' title='bbox 1373 1893 1410 1936; x_wconf 89' lang='lat' dir='ltr'><strong>se·</strong></span> <span class='ocrx_word' id='word_1_140' title='bbox 1454 1834 1459 1928; x_wconf 80' lang='lat' dir='ltr'><strong>l</strong></span> 
     </span>
     <span class='ocr_line' id='line_1_18' title="bbox 306 1955 1411 2043; baseline -0.004 -21"><span class='ocrx_word' id='word_1_141' title='bbox 306 1979 380 2022; x_wconf 89' lang='lat' dir='ltr'><strong>cum</strong></span> <span class='ocrx_word' id='word_1_142' title='bbox 401 1957 590 2024; x_wconf 83' lang='lat' dir='ltr'><strong>Lemovices</strong></span> <span class='ocrx_word' id='word_1_143' title='bbox 613 1957 708 2022; x_wconf 88' lang='lat' dir='ltr'><strong>ducit.</strong></span> <span class='ocrx_word' id='word_1_144' title='bbox 751 1955 866 2043; x_wconf 91' lang='lat' dir='ltr'><strong>Ibique</strong></span> <span class='ocrx_word' id='word_1_145' title='bbox 888 1958 1023 2022; x_wconf 83' lang='lat' dir='ltr'><strong>civitae</strong></span> <span class='ocrx_word' id='word_1_146' title='bbox 1053 1977 1091 2020; x_wconf 88' lang='lat' dir='ltr'><strong>ac</strong></span> <span class='ocrx_word' id='word_1_147' title='bbox 1118 1957 1229 2021; x_wconf 89' lang='lat' dir='ltr'><strong>mortis</strong></span> <span class='ocrx_word' id='word_1_148' title='bbox 1259 1959 1411 2042; x_wconf 88' lang='lat' dir='ltr'><strong>optionem</strong></span> 
     </span>
     <span class='ocr_line' id='line_1_19' title="bbox 307 2040 1408 2126; baseline -0.004 -20"><span class='ocrx_word' id='word_1_149' title='bbox 307 2040 408 2124; x_wconf 81' lang='lat' dir='ltr'><strong>dedit3</strong></span> <span class='ocrx_word' id='word_1_150' title='bbox 432 2043 459 2104; x_wconf 91' lang='lat' dir='ltr'><strong>si</strong></span> <span class='ocrx_word' id='word_1_151' title='bbox 473 2041 697 2126; x_wconf 87' lang='lat' dir='ltr'><strong>baptizaretur,</strong></span> <span class='ocrx_word' id='word_1_152' title='bbox 719 2042 827 2123; x_wconf 88' lang='lat' dir='ltr'><strong>vitam,</strong></span> <span class='ocrx_word' id='word_1_153' title='bbox 852 2043 901 2104; x_wconf 92' lang='lat' dir='ltr'><strong>sin</strong></span> <span class='ocrx_word' id='word_1_154' title='bbox 922 2041 1036 2120; x_wconf 90' lang='lat' dir='ltr'><strong>minus,</strong></span> <span class='ocrx_word' id='word_1_155' title='bbox 1063 2049 1198 2104; x_wconf 89' lang='lat' dir='ltr'><strong>mortem</strong></span> <span class='ocrx_word' id='word_1_156' title='bbox 1221 2044 1408 2126; x_wconf 88' lang='lat' dir='ltr'><strong>promittens.</strong></span> 
     </span>
     <span class='ocr_line' id='line_1_20' title="bbox 305 2123 1411 2224; baseline -0.004 -34"><span class='ocrx_word' id='word_1_157' title='bbox 305 2125 465 2190; x_wconf 87' lang='lat' dir='ltr'><strong>Tirannus</strong></span> <span class='ocrx_word' id='word_1_158' title='bbox 495 2147 572 2190; x_wconf 89' lang='lat' dir='ltr'><strong>mox</strong></span> <span class='ocrx_word' id='word_1_159' title='bbox 601 2124 722 2224; x_wconf 80' lang='lat' dir='ltr'><strong>absque</strong></span> <span class='ocrx_word' id='word_1_160' title='bbox 753 2123 1002 2190; x_wconf 80' lang='lat' dir='ltr'><strong>contradictione</strong></span> <span class='ocrx_word' id='word_1_161' title='bbox 1032 2123 1189 2222; x_wconf 84' lang='lat' dir='ltr'><strong>baptizari</strong></span> <span class='ocrx_word' id='word_1_162' title='bbox 1217 2127 1307 2210; x_wconf 88' lang='lat' dir='ltr'><strong>petit.</strong></span> <span class='ocrx_word' id='word_1_163' title='bbox 1357 2123 1411 2191; x_wconf 84' lang='lat' dir='ltr'><strong>Sed</strong></span> 
     </span>
     <span class='ocr_line' id='line_1_21' title="bbox 192 2207 1411 2297; baseline -0.001 -26"><span class='ocrx_word' id='word_1_164' title='bbox 192 2231 244 2272; x_wconf 80' lang='lat' dir='ltr'><strong>nm.</strong></span> <span class='ocrx_word' id='word_1_165' title='bbox 256 2233 293 2272; x_wconf 80' lang='grc' dir='ltr'><strong>ιι.</strong></span> <span class='ocrx_word' id='word_1_166' title='bbox 305 2209 449 2292; x_wconf 90' lang='lat' dir='ltr'><strong>dubium,</strong></span> <span class='ocrx_word' id='word_1_167' title='bbox 473 2233 514 2274; x_wconf 90' lang='lat' dir='ltr'><strong>an</strong></span> <span class='ocrx_word' id='word_1_168' title='bbox 529 2208 604 2274; x_wconf 87' lang='lat' dir='ltr'><strong>fidei</strong></span> <span class='ocrx_word' id='word_1_169' title='bbox 624 2231 795 2297; x_wconf 81' lang='lat' dir='ltr'><strong>qumquam</strong></span> <span class='ocrx_word' id='word_1_170' title='bbox 816 2208 972 2273; x_wconf 89' lang='lat' dir='ltr'><strong>habuerit.</strong></span> <span class='ocrx_word' id='word_1_171' title='bbox 1016 2207 1101 2289; x_wconf 75' lang='lat' dir='ltr'><strong>Quia</strong></span> <span class='ocrx_word' id='word_1_172' title='bbox 1123 2229 1199 2292; x_wconf 87' lang='lat' dir='ltr'><strong>ergo</strong></span> <span class='ocrx_word' id='word_1_173' title='bbox 1221 2219 1411 2294; x_wconf 87' lang='lat' dir='ltr'><strong>pentecostes</strong></span> 
     </span>
     <span class='ocr_line' id='line_1_22' title="bbox 304 2293 1461 2380; baseline -0.003 -22"><span class='ocrx_word' id='word_1_174' title='bbox 304 2294 445 2360; x_wconf 90' lang='lat' dir='ltr'><strong>instabat</strong></span> <span class='ocrx_word' id='word_1_175' title='bbox 467 2293 704 2380; x_wconf 88' lang='lat' dir='ltr'><strong>sollempnitas¹</strong></span> <span class='ocrx_word' id='word_1_176' title='bbox 723 2315 761 2358; x_wconf 90' lang='lat' dir='ltr'><strong>ac</strong></span> <span class='ocrx_word' id='word_1_177' title='bbox 777 2293 1001 2379; x_wconf 90' lang='lat' dir='ltr'><strong>episcoporum</strong></span> <span class='ocrx_word' id='word_1_178' title='bbox 1016 2301 1190 2356; x_wconf 86' lang='lat' dir='ltr'><strong>conventus</strong></span> <span class='ocrx_word' id='word_1_179' title='bbox 1211 2294 1281 2377; x_wconf 90' lang='lat' dir='ltr'><strong>regi</strong></span> <span class='ocrx_word' id='word_1_180' title='bbox 1303 2294 1411 2372; x_wconf 82' lang='lat' dir='ltr'><strong>aderat,</strong></span> <span class='ocrx_word' id='word_1_181' title='bbox 1458 2299 1461 2307; x_wconf 77' lang='grc'>”</span> 
     </span>
     <span class='ocr_line' id='line_1_23' title="bbox 305 2367 1461 2464; baseline -0.003 -20"><span class='ocrx_word' id='word_1_182' title='bbox 305 2378 346 2444; x_wconf 88' lang='lat' dir='ltr'><strong>ab</strong></span> <span class='ocrx_word' id='word_1_183' title='bbox 369 2379 530 2464; x_wconf 93' lang='lat' dir='ltr'><strong>episcopis</strong></span> <span class='ocrx_word' id='word_1_184' title='bbox 553 2380 583 2444; x_wconf 88' lang='lat' dir='ltr'><strong>ei</strong></span> <span class='ocrx_word' id='word_1_185' title='bbox 603 2378 787 2442; x_wconf 88' lang='lat' dir='ltr'><strong>triduanum</strong></span> <span class='ocrx_word' id='word_1_186' title='bbox 808 2375 958 2440; x_wconf 89' lang='lat' dir='ltr'><strong>indicitur</strong></span> <span class='ocrx_word' id='word_1_187' title='bbox 979 2376 1141 2442; x_wconf 90' lang='lat' dir='ltr'><strong>ieiunium.</strong></span> <span class='ocrx_word' id='word_1_188' title='bbox 1178 2375 1242 2440; x_wconf 87' lang='lat' dir='ltr'><strong>Die</strong></span> <span class='ocrx_word' id='word_1_189' title='bbox 1257 2400 1334 2442; x_wconf 91' lang='lat' dir='ltr'><strong>vero</strong></span> <span class='ocrx_word' id='word_1_190' title='bbox 1349 2399 1410 2440; x_wconf 91' lang='lat' dir='ltr'><strong>con·</strong></span> <span class='ocrx_word' id='word_1_191' title='bbox 1458 2367 1461 2462; x_wconf 68' lang='lat' dir='ltr'><strong>l</strong></span> 
     </span>
     <span class='ocr_line' id='line_1_24' title="bbox 305 2459 1410 2548; baseline -0.003 -22"><span class='ocrx_word' id='word_1_192' title='bbox 305 2464 415 2526; x_wconf 89' lang='lat' dir='ltr'><strong>stituta</strong></span> <span class='ocrx_word' id='word_1_193' title='bbox 437 2484 509 2526; x_wconf 90' lang='lat' dir='ltr'><strong>cum</strong></span> <span class='ocrx_word' id='word_1_194' title='bbox 531 2464 565 2524; x_wconf 93' lang='lat' dir='ltr'><strong>in</strong></span> <span class='ocrx_word' id='word_1_195' title='bbox 587 2461 719 2526; x_wconf 89' lang='lat' dir='ltr'><strong>basilica</strong></span> <span class='ocrx_word' id='word_1_196' title='bbox 734 2463 835 2525; x_wconf 88' lang='lat' dir='ltr'><strong>sancti</strong></span> <span class='ocrx_word' id='word_1_197' title='bbox 848 2459 1010 2525; x_wconf 89' lang='lat' dir='ltr'><strong>Marcialis</strong></span> <span class='ocrx_word' id='word_1_198' title='bbox 1025 2459 1184 2524; x_wconf 71' lang='lat' dir='ltr'><strong>martirisr</strong></span> <span class='ocrx_word' id='word_1_199' title='bbox 1204 2471 1279 2546; x_wconf 90' lang='lat' dir='ltr'><strong>post</strong></span> <span class='ocrx_word' id='word_1_200' title='bbox 1301 2463 1410 2548; x_wconf 89' lang='lat' dir='ltr'><strong>episco-</strong></span> 
     </span>
     <span class='ocr_line' id='line_1_25' title="bbox 304 2543 1410 2633; baseline -0.003 -24"><span class='ocrx_word' id='word_1_201' title='bbox 304 2566 420 2630; x_wconf 91' lang='lat' dir='ltr'><strong>porum</strong></span> <span class='ocrx_word' id='word_1_202' title='bbox 441 2555 572 2630; x_wconf 87' lang='lat' dir='ltr'><strong>peraeta</strong></span> <span class='ocrx_word' id='word_1_203' title='bbox 594 2545 699 2608; x_wconf 86' lang='lat' dir='ltr'><strong>officia</strong></span> <span class='ocrx_word' id='word_1_204' title='bbox 728 2547 909 2608; x_wconf 89' lang='lat' dir='ltr'><strong>insacrum</strong></span> <span class='ocrx_word' id='word_1_205' title='bbox 938 2545 1057 2609; x_wconf 86' lang='lat' dir='ltr'><strong>fontem</strong></span> <span class='ocrx_word' id='word_1_206' title='bbox 1083 2543 1124 2608; x_wconf 89' lang='lat' dir='ltr'><strong>ab</strong></span> <span class='ocrx_word' id='word_1_207' title='bbox 1147 2545 1217 2630; x_wconf 88' lang='lat' dir='ltr'><strong>ipso</strong></span> <span class='ocrx_word' id='word_1_208' title='bbox 1240 2567 1316 2633; x_wconf 83' lang='lat' dir='ltr'><strong>rege</strong></span> <span class='ocrx_word' id='word_1_209' title='bbox 1338 2545 1410 2609; x_wconf 86' lang='lat' dir='ltr'><strong>exci-</strong></span> 
     </span>
     <span class='ocr_line' id='line_1_26' title="bbox 327 2627 1410 2713; baseline -0.001 -22"><span class='ocrx_word' id='word_1_210' title='bbox 327 2627 440 2692; x_wconf 89' lang='lat' dir='ltr'><strong>iendus</strong></span> <span class='ocrx_word' id='word_1_211' title='bbox 473 2627 680 2692; x_wconf 89' lang='lat' dir='ltr'><strong>descenderet</strong></span> <span class='ocrx_word' id='word_1_212' title='bbox 719 2629 847 2713; x_wconf 89' lang='lat' dir='ltr'><strong>iamque</strong></span> <span class='ocrx_word' id='word_1_213' title='bbox 882 2629 965 2692; x_wconf 87' lang='lat' dir='ltr'><strong>trina</strong></span> <span class='ocrx_word' id='word_1_214' title='bbox 1002 2629 1193 2692; x_wconf 86' lang='lat' dir='ltr'><strong>inmersione</strong></span> <span class='ocrx_word' id='word_1_215' title='bbox 1225 2631 1259 2692; x_wconf 94' lang='lat' dir='ltr'><strong>in</strong></span> <span class='ocrx_word' id='word_1_216' title='bbox 1291 2631 1410 2694; x_wconf 90' lang='lat' dir='ltr'><strong>nomine</strong></span> 
     </span>
     <span class='ocr_line' id='line_1_27' title="bbox 303 2650 1411 2799; baseline -0.003 -23"><span class='ocrx_word' id='word_1_217' title='bbox 303 2650 407 2776; x_wconf 58' lang='lat' dir='ltr'><strong>latis</strong></span> <span class='ocrx_word' id='word_1_218' title='bbox 430 2721 462 2775; x_wconf 92' lang='lat' dir='ltr'><strong>et</strong></span> <span class='ocrx_word' id='word_1_219' title='bbox 482 2711 557 2776; x_wconf 88' lang='lat' dir='ltr'><strong>Filii</strong></span> <span class='ocrx_word' id='word_1_220' title='bbox 580 2721 611 2777; x_wconf 91' lang='lat' dir='ltr'><strong>et</strong></span> <span class='ocrx_word' id='word_1_221' title='bbox 633 2710 771 2797; x_wconf 84' lang='lat' dir='ltr'><strong>Spiritus</strong></span> <span class='ocrx_word' id='word_1_222' title='bbox 794 2712 895 2776; x_wconf 89' lang='lat' dir='ltr'><strong>sancti</strong></span> <span class='ocrx_word' id='word_1_223' title='bbox 916 2711 1096 2797; x_wconf 83' lang='lat' dir='ltr'><strong>baptizatus</strong></span> <span class='ocrx_word' id='word_1_224' title='bbox 1118 2722 1209 2795; x_wconf 81' lang='lat' dir='ltr'><strong>esset,</strong></span> <span class='ocrx_word' id='word_1_225' title='bbox 1239 2711 1321 2799; x_wconf 88' lang='lat' dir='ltr'><strong>lngo</strong></span> <span class='ocrx_word' id='word_1_226' title='bbox 1348 2722 1411 2778; x_wconf 86' lang='lat' dir='ltr'><strong>ante</strong></span> 
     </span>
     <span class='ocr_line' id='line_1_28' title="bbox 304 2793 1411 2882; baseline -0.002 -22"><span class='ocrx_word' id='word_1_227' title='bbox 304 2796 445 2881; x_wconf 73' lang='lat' dir='ltr'><strong>signiter,</strong></span> <span class='ocrx_word' id='word_1_228' title='bbox 467 2793 575 2882; x_wconf 85' lang='lat' dir='ltr'><strong>gladio</strong></span> <span class='ocrx_word' id='word_1_229' title='bbox 599 2794 722 2877; x_wconf 88' lang='lat' dir='ltr'><strong>educto,</strong></span> <span class='ocrx_word' id='word_1_230' title='bbox 752 2793 908 2860; x_wconf 86' lang='lat' dir='ltr'><strong>loetaliter</strong></span> <span class='ocrx_word' id='word_1_231' title='bbox 936 2817 1009 2860; x_wconf 89' lang='lat' dir='ltr'><strong>eum</strong></span> <span class='ocrx_word' id='word_1_232' title='bbox 1038 2796 1274 2861; x_wconf 87' lang='lat' dir='ltr'><strong>transverberat</strong></span> <span class='ocrx_word' id='word_1_233' title='bbox 1295 2819 1334 2862; x_wconf 84' lang='lat' dir='ltr'><strong>ac</strong></span> <span class='ocrx_word' id='word_1_234' title='bbox 1353 2797 1411 2861; x_wconf 86' lang='lat' dir='ltr'><strong>fon-</strong></span> 
     </span>
     <span class='ocr_line' id='line_1_29' title="bbox 196 2879 1411 2946; baseline 0.001 -4"><span class='ocrx_word' id='word_1_235' title='bbox 196 2889 369 2945; x_wconf 75' lang='lat' dir='ltr'><strong>·r01.u.tem</strong></span> <span class='ocrx_word' id='word_1_236' title='bbox 391 2889 550 2944; x_wconf 87' lang='lat' dir='ltr'><strong>sacratum</strong></span> <span class='ocrx_word' id='word_1_237' title='bbox 571 2879 710 2946; x_wconf 90' lang='lat' dir='ltr'><strong>vulneris</strong></span> <span class='ocrx_word' id='word_1_238' title='bbox 733 2879 885 2944; x_wconf 89' lang='lat' dir='ltr'><strong>effusione</strong></span> <span class='ocrx_word' id='word_1_239' title='bbox 907 2880 1088 2945; x_wconf 86' lang='lat' dir='ltr'><strong>immaniter</strong></span> <span class='ocrx_word' id='word_1_240' title='bbox 1110 2889 1285 2946; x_wconf 57' lang='lat' dir='ltr'><strong>cruentat&amp;</strong></span> <span class='ocrx_word' id='word_1_241' title='bbox 1330 2881 1411 2944; x_wconf 83' lang='lat' dir='ltr'><strong>*Rex</strong></span> 
     </span>
     <span class='ocr_line' id='line_1_30' title="bbox 303 2962 1411 3050; baseline -0.004 -21"><span class='ocrx_word' id='word_1_242' title='bbox 303 2972 427 3032; x_wconf 84' lang='lat' dir='ltr'><strong>tantum</strong></span> <span class='ocrx_word' id='word_1_243' title='bbox 441 2962 563 3028; x_wconf 81' lang='lat' dir='ltr'><strong>facinus</strong></span> <span class='ocrx_word' id='word_1_244' title='bbox 577 2963 758 3049; x_wconf 84' lang='lat' dir='ltr'><strong>indignans,</strong></span> <span class='ocrx_word' id='word_1_245' title='bbox 803 2965 883 3028; x_wconf 91' lang='lat' dir='ltr'><strong>rinci</strong></span> <span class='ocrx_word' id='word_1_246' title='bbox 908 2963 980 3028; x_wconf 91' lang='lat' dir='ltr'><strong>ibus</strong></span> <span class='ocrx_word' id='word_1_247' title='bbox 994 2963 1210 3050; x_wconf 81' lang='lat' dir='ltr'><strong>frementibus,</strong></span> <span class='ocrx_word' id='word_1_248' title='bbox 1225 2963 1411 3029; x_wconf 85' lang='lat' dir='ltr'><strong>homicidam</strong></span> 
     </span>
     <span class='ocr_line' id='line_1_31' title="bbox 303 2985 1411 3134; baseline -0.003 -22"><span class='ocrx_word' id='word_1_249' title='bbox 303 3049 376 3132; x_wconf 92' lang='lat' dir='ltr'><strong>rapi</strong></span> <span class='ocrx_word' id='word_1_250' title='bbox 397 3069 436 3112; x_wconf 89' lang='lat' dir='ltr'><strong>ac</strong></span> <span class='ocrx_word' id='word_1_251' title='bbox 455 3047 608 3112; x_wconf 81' lang='lat' dir='ltr'><strong>trucidari</strong></span> <span class='ocrx_word' id='word_1_252' title='bbox 629 3047 726 3112; x_wconf 87' lang='lat' dir='ltr'><strong>iubet.</strong></span> <span class='ocrx_word' id='word_1_253' title='bbox 810 3070 837 3130; x_wconf 90' lang='lat' dir='ltr'><strong>e,</strong></span> <span class='ocrx_word' id='word_1_254' title='bbox 859 2985 966 3133; x_wconf 66' lang='lat' dir='ltr'><strong>giddio</strong></span> <span class='ocrx_word' id='word_1_255' title='bbox 988 3049 1140 3134; x_wconf 84' lang='lat' dir='ltr'><strong>proiecto,</strong></span> <span class='ocrx_word' id='word_1_256' title='bbox 1161 3048 1296 3134; x_wconf 85' lang='lat' dir='ltr'><strong>fugiens,</strong></span> <span class='ocrx_word' id='word_1_257' title='bbox 1320 3047 1411 3113; x_wconf 88' lang='lat' dir='ltr'><strong>sancti</strong></span> 
     </span>
     <span class='ocr_line' id='line_1_32' title="bbox 304 3131 1410 3280; baseline -0.004 -84"><span class='ocrx_word' id='word_1_258' title='bbox 304 3131 465 3196; x_wconf 84' lang='lat' dir='ltr'><strong>Marcialis</strong></span> <span class='ocrx_word' id='word_1_259' title='bbox 487 3153 576 3196; x_wconf 88' lang='lat' dir='ltr'><strong>aram</strong></span> <span class='ocrx_word' id='word_1_260' title='bbox 599 3131 785 3218; x_wconf 86' lang='lat' dir='ltr'><strong>complexus</strong></span> <span class='ocrx_word' id='word_1_261' title='bbox 808 3140 872 3214; x_wconf 81' lang='lat' dir='ltr'><strong>est3</strong></span> <span class='ocrx_word' id='word_1_262' title='bbox 894 3131 1125 3218; x_wconf 87' lang='lat' dir='ltr'><strong>indulgentiam</strong></span> <span class='ocrx_word' id='word_1_263' title='bbox 1143 3132 1184 3197; x_wconf 91' lang='lat' dir='ltr'><strong>ab</strong></span> <span class='ocrx_word' id='word_1_264' title='bbox 1199 3154 1276 3279; x_wconf 61' lang='lat' dir='ltr'><strong>rege</strong></span> <span class='ocrx_word' id='word_1_265' title='bbox 1297 3154 1336 3198; x_wconf 92' lang='lat' dir='ltr'><strong>ac</strong></span> <span class='ocrx_word' id='word_1_266' title='bbox 1356 3131 1410 3280; x_wconf 71' lang='lat' dir='ltr'><strong>pri-</strong></span> 
     </span>
     <span class='ocr_line' id='line_1_33' title="bbox 304 3214 1410 3303; baseline -0.004 -23"><span class='ocrx_word' id='word_1_267' title='bbox 304 3214 444 3281; x_wconf 83' lang='lat' dir='ltr'><strong>motibus</strong></span> <span class='ocrx_word' id='word_1_268' title='bbox 490 3214 630 3280; x_wconf 78' lang='lat' dir='ltr'><strong>ostrrlans</strong></span> <span class='ocrx_word' id='word_1_269' title='bbox 652 3225 747 3302; x_wconf 90' lang='lat' dir='ltr'><strong>atque</strong></span> <span class='ocrx_word' id='word_1_270' title='bbox 777 3214 928 3303; x_wconf 89' lang='lat' dir='ltr'><strong>loquendi</strong></span> <span class='ocrx_word' id='word_1_271' title='bbox 957 3215 1062 3281; x_wconf 88' lang='lat' dir='ltr'><strong>locum</strong></span> <span class='ocrx_word' id='word_1_272' title='bbox 1091 3216 1199 3281; x_wconf 85' lang='lat' dir='ltr'><strong>multis</strong></span> <span class='ocrx_word' id='word_1_273' title='bbox 1229 3217 1358 3282; x_wconf 90' lang='lat' dir='ltr'><strong>camori</strong></span> <span class='ocrx_word' id='word_1_274' title='bbox 1379 3235 1410 3277; x_wconf 89' lang='lat' dir='ltr'><strong>us</strong></span> 
     </span>
     <span class='ocr_line' id='line_1_34' title="bbox 304 3299 1411 3386; baseline -0.005 -21"><span class='ocrx_word' id='word_1_275' title='bbox 304 3310 424 3385; x_wconf 86' lang='lat' dir='ltr'><strong>petens.</strong></span> <span class='ocrx_word' id='word_1_276' title='bbox 499 3300 622 3365; x_wconf 89' lang='lat' dir='ltr'><strong>tiussu</strong></span> <span class='ocrx_word' id='word_1_277' title='bbox 649 3301 738 3385; x_wconf 87' lang='lat' dir='ltr'><strong>regio</strong></span> <span class='ocrx_word' id='word_1_278' title='bbox 770 3299 809 3365; x_wconf 90' lang='lat' dir='ltr'><strong>de</strong></span> <span class='ocrx_word' id='word_1_279' title='bbox 839 3301 1010 3364; x_wconf 90' lang='lat' dir='ltr'><strong>commisso</strong></span> <span class='ocrx_word' id='word_1_280' title='bbox 1039 3299 1178 3366; x_wconf 88' lang='lat' dir='ltr'><strong>facinore</strong></span> <span class='ocrx_word' id='word_1_281' title='bbox 1210 3319 1411 3386; x_wconf 88' lang='lat' dir='ltr'><strong>responsurus</strong></span> 
     </span>
     <span class='ocr_line' id='line_1_35' title="bbox 305 3385 817 3472; baseline -0.004 -22"><span class='ocrx_word' id='word_1_282' title='bbox 305 3385 433 3451; x_wconf 88' lang='lat' dir='ltr'><strong>sistitur.</strong></span> <span class='ocrx_word' id='word_1_283' title='bbox 479 3387 643 3472; x_wconf 88' lang='lat' dir='ltr'><strong>Orsusque</strong></span> <span class='ocrx_word' id='word_1_284' title='bbox 666 3386 711 3449; x_wconf 91' lang='lat' dir='ltr'><strong>sic</strong></span> <span class='ocrx_word' id='word_1_285' title='bbox 734 3386 817 3450; x_wconf 75' lang='lat' dir='ltr'><strong>aith:</strong></span> 
     </span>
    </p>
   </div>
   <div class='ocr_carea' id='block_1_5' title="bbox 306 3513 1410 3661">
    <p class='ocr_par' dir='ltr' id='par_1_5' title="bbox 306 3513 1410 3661">
     <span class='ocr_line' id='line_1_36' title="bbox 306 3513 1410 3661; baseline -0.001 -87"><span class='ocrx_word' id='word_1_286' title='bbox 306 3513 354 3578; x_wconf 91' lang='lat'><strong>11.</strong></span> <span class='ocrx_word' id='word_1_287' title='bbox 386 3514 497 3580; x_wconf 89' lang='lat' dir='ltr'><strong>Oratio</strong></span> <span class='ocrx_word' id='word_1_288' title='bbox 514 3515 646 3599; x_wconf 85' lang='lat' dir='ltr'><strong>Ingonis</strong></span> <span class='ocrx_word' id='word_1_289' title='bbox 667 3536 725 3600; x_wconf 91' lang='lat' dir='ltr'><strong>pro</strong></span> <span class='ocrx_word' id='word_1_290' title='bbox 749 3536 782 3578; x_wconf 88' lang='lat' dir='ltr'><strong>se</strong></span> <span class='ocrx_word' id='word_1_291' title='bbox 803 3513 1021 3661; x_wconf 57' lang='lat' dir='ltr'><strong>pppdtaregem</strong></span> <span class='ocrx_word' id='word_1_292' title='bbox 1043 3523 1074 3578; x_wconf 91' lang='lat' dir='ltr'><strong>et</strong></span> <span class='ocrx_word' id='word_1_293' title='bbox 1096 3515 1257 3600; x_wconf 81' lang='lat' dir='ltr'><strong>principes</strong></span> <span class='ocrx_word' id='word_1_294' title='bbox 1280 3513 1410 3579; x_wconf 88' lang='lat' dir='ltr'><strong>suasorie</strong></span> 
     </span>
     <span class='ocr_line' id='line_1_37' title="bbox 826 3620 922 3661; baseline 0 0"><span class='ocrx_word' id='word_1_295' title='bbox 826 3620 845 3661; x_wconf 96' lang='lat' dir='ltr'><strong>a</strong></span> <span class='ocrx_word' id='word_1_296' title='bbox 868 3621 879 3660; x_wconf 89' lang='lat'><em>1</em></span> <span class='ocrx_word' id='word_1_297' title='bbox 915 3645 922 3661; x_wconf 89' lang='lat'><strong>.</strong></span> 
     </span>
    </p>
   </div>
   <div class='ocr_carea' id='block_1_6' title="bbox 304 3697 1410 3869">
    <p class='ocr_par' dir='ltr' id='par_1_6' title="bbox 304 3697 1410 3869">
     <span class='ocr_line' id='line_1_38' title="bbox 389 3697 1410 3782; baseline -0.002 -22"><span class='ocrx_word' id='word_1_298' title='bbox 389 3697 505 3761; x_wconf 88' lang='lat' dir='ltr'><strong>‘Deum</strong></span> <span class='ocrx_word' id='word_1_299' title='bbox 526 3698 698 3764; x_wconf 89' lang='lat' dir='ltr'><strong>voluntatis</strong></span> <span class='ocrx_word' id='word_1_300' title='bbox 713 3721 802 3764; x_wconf 90' lang='lat' dir='ltr'><strong>meae</strong></span> <span class='ocrx_word' id='word_1_301' title='bbox 819 3700 980 3764; x_wconf 90' lang='lat' dir='ltr'><strong>conscium</strong></span> <span class='ocrx_word' id='word_1_302' title='bbox 995 3708 1101 3782; x_wconf 87' lang='lat' dir='ltr'><strong>testor,</strong></span> <span class='ocrx_word' id='word_1_303' title='bbox 1122 3698 1200 3764; x_wconf 91' lang='lat' dir='ltr'><strong>nihil</strong></span> <span class='ocrx_word' id='word_1_304' title='bbox 1221 3699 1300 3764; x_wconf 91' lang='lat' dir='ltr'><strong>mihi</strong></span> <span class='ocrx_word' id='word_1_305' title='bbox 1320 3698 1410 3764; x_wconf 83' lang='lat' dir='ltr'><strong>fuisse</strong></span> 
     </span>
     <span class='ocr_line' id='line_1_39' title="bbox 304 3779 1408 3869; baseline 0 -25"><span class='ocrx_word' id='word_1_306' title='bbox 304 3779 409 3845; x_wconf 84' lang='lat' dir='ltr'><strong>carius</strong></span> <span class='ocrx_word' id='word_1_307' title='bbox 430 3790 536 3847; x_wconf 89' lang='lat' dir='ltr'><strong>vestra</strong></span> <span class='ocrx_word' id='word_1_308' title='bbox 558 3783 666 3849; x_wconf 88' lang='lat' dir='ltr'><strong>salute.</strong></span> <span class='ocrx_word' id='word_1_309' title='bbox 711 3783 826 3848; x_wconf 89' lang='lat' dir='ltr'><strong>Vester</strong></span> <span class='ocrx_word' id='word_1_310' title='bbox 847 3806 937 3849; x_wconf 90' lang='lat' dir='ltr'><strong>amor</strong></span> <span class='ocrx_word' id='word_1_311' title='bbox 958 3782 1000 3848; x_wconf 90' lang='lat' dir='ltr'><strong>ad</strong></span> <span class='ocrx_word' id='word_1_312' title='bbox 1022 3782 1083 3848; x_wconf 92' lang='lat' dir='ltr'><strong>hoc</strong></span> <span class='ocrx_word' id='word_1_313' title='bbox 1105 3806 1157 3848; x_wconf 89' lang='lat' dir='ltr'><strong>me</strong></span> <span class='ocrx_word' id='word_1_314' title='bbox 1185 3783 1321 3869; x_wconf 91' lang='lat' dir='ltr'><strong>impulit.</strong></span> <span class='ocrx_word' id='word_1_315' title='bbox 1364 3779 1408 3846; x_wconf 90' lang='lat' dir='ltr'><strong>Ob</strong></span> 
     </span>
    </p>
   </div>
   <div class='ocr_carea' id='block_1_7' title="bbox 376 3924 688 3994">
    <p class='ocr_par' dir='ltr' id='par_1_7' title="bbox 376 3924 688 3994">
     <span class='ocr_line' id='line_1_40' title="bbox 376 3924 688 3994; baseline 0.003 -16"><span class='ocrx_word' id='word_1_316' title='bbox 376 3924 400 3994; x_wconf 72' lang='lat'><strong>⁸)</strong></span> <span class='ocrx_word' id='word_1_317' title='bbox 419 3943 465 3978; x_wconf 88' lang='lat' dir='ltr'><strong>rex</strong></span> <span class='ocrx_word' id='word_1_318' title='bbox 478 3927 648 3980; x_wconf 87' lang='lat' dir='ltr'><strong>barbarorum</strong></span> <span class='ocrx_word' id='word_1_319' title='bbox 665 3929 688 3979; x_wconf 94' lang='lat'><strong>1.</strong></span> 
     </span>
    </p>
   </div>
   <div class='ocr_carea' id='block_1_8' title="bbox 301 4052 1409 4226">
    <p class='ocr_par' dir='ltr' id='par_1_8' title="bbox 301 4052 1409 4226">
     <span class='ocr_line' id='line_1_41' title="bbox 361 4052 1409 4110; baseline -0.004 -14"><span class='ocrx_word' id='word_1_320' title='bbox 361 4052 384 4108; x_wconf 80' lang='lat' dir='ltr'><strong>a)</strong></span> <span class='ocrx_word' id='word_1_321' title='bbox 401 4067 483 4099; x_wconf 80' lang='lat' dir='ltr'><strong>scorr.</strong></span> <span class='ocrx_word' id='word_1_322' title='bbox 528 4055 593 4110; x_wconf 76' lang='grc' dir='ltr'>1))Ε.</span> <span class='ocrx_word' id='word_1_323' title='bbox 610 4069 632 4106; x_wconf 87' lang='lat' dir='ltr'><strong>q.</strong></span> <span class='ocrx_word' id='word_1_324' title='bbox 649 4068 659 4097; x_wconf 79' lang='lat' dir='ltr'><strong>e</strong></span> <span class='ocrx_word' id='word_1_325' title='bbox 674 4068 731 4099; x_wconf 78' lang='lat' dir='ltr'><strong>corr.</strong></span> <span class='ocrx_word' id='word_1_326' title='bbox 783 4055 804 4109; x_wconf 82' lang='lat' dir='ltr'><strong>o)</strong></span> <span class='ocrx_word' id='word_1_327' title='bbox 820 4057 914 4106; x_wconf 75' lang='lat' dir='ltr'><strong>suisque</strong></span> <span class='ocrx_word' id='word_1_328' title='bbox 930 4056 1013 4106; x_wconf 74' lang='lat' dir='ltr'><strong>gladiis</strong></span> <span class='ocrx_word' id='word_1_329' title='bbox 1028 4056 1144 4097; x_wconf 80' lang='lat' dir='ltr'><strong>transfixis</strong></span> <span class='ocrx_word' id='word_1_330' title='bbox 1160 4060 1183 4097; x_wconf 86' lang='lat' dir='ltr'><strong>et</strong></span> <span class='ocrx_word' id='word_1_331' title='bbox 1199 4054 1228 4109; x_wconf 73' lang='lat' dir='ltr'><strong>(t)</strong></span> <span class='ocrx_word' id='word_1_332' title='bbox 1248 4055 1328 4107; x_wconf 78' lang='lat' dir='ltr'><strong>spolils</strong></span> <span class='ocrx_word' id='word_1_333' title='bbox 1344 4055 1409 4102; x_wconf 82' lang='lat' dir='ltr'><strong>direp-</strong></span> 
     </span>
     <span class='ocr_line' id='line_1_42' title="bbox 301 4112 1408 4170; baseline 0.002 -16"><span class='ocrx_word' id='word_1_334' title='bbox 301 4115 331 4154; x_wconf 80' lang='lat' dir='ltr'><strong>tis</strong></span> <span class='ocrx_word' id='word_1_335' title='bbox 348 4117 369 4157; x_wconf 83' lang='lat'><strong>1.</strong></span> <span class='ocrx_word' id='word_1_336' title='bbox 430 4112 453 4167; x_wconf 88' lang='lat' dir='ltr'><strong>d)</strong></span> <span class='ocrx_word' id='word_1_337' title='bbox 469 4126 499 4167; x_wconf 81' lang='lat' dir='ltr'><strong>m,</strong></span> <span class='ocrx_word' id='word_1_338' title='bbox 516 4116 546 4167; x_wconf 84' lang='lat' dir='ltr'><strong>la,</strong></span> <span class='ocrx_word' id='word_1_339' title='bbox 561 4119 571 4156; x_wconf 87' lang='lat' dir='ltr'><strong>t</strong></span> <span class='ocrx_word' id='word_1_340' title='bbox 586 4115 643 4158; x_wconf 75' lang='lat' dir='ltr'><strong>ausc.</strong></span> <span class='ocrx_word' id='word_1_341' title='bbox 704 4113 726 4168; x_wconf 90' lang='lat' dir='ltr'><strong>e)</strong></span> <span class='ocrx_word' id='word_1_342' title='bbox 743 4117 759 4170; x_wconf 82' lang='lat' dir='ltr'><strong>i,</strong></span> <span class='ocrx_word' id='word_1_343' title='bbox 775 4120 804 4164; x_wconf 85' lang='lat' dir='ltr'><strong>et,</strong></span> <span class='ocrx_word' id='word_1_344' title='bbox 822 4127 834 4157; x_wconf 88' lang='lat' dir='ltr'><strong>o</strong></span> <span class='ocrx_word' id='word_1_345' title='bbox 850 4116 907 4155; x_wconf 76' lang='lat' dir='ltr'><strong>abac.</strong></span> <span class='ocrx_word' id='word_1_346' title='bbox 967 4112 1026 4167; x_wconf 66' lang='lat' dir='ltr'><strong>Oia</strong></span> <span class='ocrx_word' id='word_1_347' title='bbox 1041 4115 1085 4155; x_wconf 81' lang='lat' dir='ltr'><strong>loco</strong></span> <span class='ocrx_word' id='word_1_348' title='bbox 1102 4127 1170 4156; x_wconf 82' lang='lat' dir='ltr'><strong>uacuo</strong></span> <span class='ocrx_word' id='word_1_349' title='bbox 1186 4116 1258 4156; x_wconf 76' lang='lat' dir='ltr'><strong>relicto</strong></span> <span class='ocrx_word' id='word_1_350' title='bbox 1275 4117 1295 4160; x_wconf 70' lang='lat'><strong>2.</strong></span> <span class='ocrx_word' id='word_1_351' title='bbox 1353 4113 1374 4164; x_wconf 72' lang='grc' dir='ltr'><strong>ε)</strong></span> <span class='ocrx_word' id='word_1_352' title='bbox 1389 4113 1408 4150; x_wconf 67' lang='lat'><strong>¹²</strong></span> 
     </span>
     <span class='ocr_line' id='line_1_43' title="bbox 302 4171 1092 4226; baseline 0.006 -13"><span class='ocrx_word' id='word_1_353' title='bbox 302 4184 384 4216; x_wconf 74' lang='lat' dir='ltr'><strong>ceorr.</strong></span> <span class='ocrx_word' id='word_1_354' title='bbox 445 4171 470 4226; x_wconf 89' lang='lat' dir='ltr'><strong>h)</strong></span> <span class='ocrx_word' id='word_1_355' title='bbox 486 4176 562 4225; x_wconf 86' lang='lat' dir='ltr'><strong>coepit</strong></span> <span class='ocrx_word' id='word_1_356' title='bbox 578 4176 599 4216; x_wconf 87' lang='lat'><strong>1.</strong></span> <span class='ocrx_word' id='word_1_357' title='bbox 1091 4181 1092 4188; x_wconf 59' lang='lat'>¹</span> 
     </span>
    </p>
   </div>
   <div class='ocr_carea' id='block_1_9' title="bbox 302 4286 1406 4414">
    <p class='ocr_par' dir='ltr' id='par_1_9' title="bbox 302 4286 1406 4414">
     <span class='ocr_line' id='line_1_44' title="bbox 376 4286 1406 4356; baseline -0.003 -20"><span class='ocrx_word' id='word_1_358' title='bbox 376 4289 402 4351; x_wconf 89' lang='lat'><strong>1)</strong></span> <span class='ocrx_word' id='word_1_359' title='bbox 419 4289 531 4341; x_wconf 87' lang='lat' dir='ltr'><strong>Nonnisi</strong></span> <span class='ocrx_word' id='word_1_360' title='bbox 550 4294 676 4340; x_wconf 87' lang='lat' dir='ltr'><strong>autumno</strong></span> <span class='ocrx_word' id='word_1_361' title='bbox 696 4304 720 4341; x_wconf 86' lang='lat' dir='ltr'><strong>a.</strong></span> <span class='ocrx_word' id='word_1_362' title='bbox 736 4287 800 4340; x_wconf 76' lang='lat'><strong>892.</strong></span> <span class='ocrx_word' id='word_1_363' title='bbox 820 4286 942 4341; x_wconf 87' lang='lat' dir='ltr'><strong>Odonem</strong></span> <span class='ocrx_word' id='word_1_364' title='bbox 955 4288 983 4338; x_wconf 89' lang='lat' dir='ltr'><strong>in</strong></span> <span class='ocrx_word' id='word_1_365' title='bbox 996 4289 1167 4354; x_wconf 80' lang='lat' dir='ltr'><strong>Aquitaniam</strong></span> <span class='ocrx_word' id='word_1_366' title='bbox 1187 4289 1342 4356; x_wconf 83' lang='lat' dir='ltr'><strong>perrexisse,</strong></span> <span class='ocrx_word' id='word_1_367' title='bbox 1360 4291 1406 4336; x_wconf 85' lang='lat' dir='ltr'><strong>tra·</strong></span> 
     </span>
     <span class='ocr_line' id='line_1_45' title="bbox 302 4361 660 4414; baseline 0.003 -3"><span class='ocrx_word' id='word_1_368' title='bbox 302 4361 368 4412; x_wconf 92' lang='lat' dir='ltr'><strong>dunt</strong></span> <span class='ocrx_word' id='word_1_369' title='bbox 385 4362 455 4413; x_wconf 81' lang='lat' dir='ltr'><strong>Anu.</strong></span> <span class='ocrx_word' id='word_1_370' title='bbox 473 4362 584 4414; x_wconf 79' lang='lat' dir='ltr'><strong>Vedast.</strong></span> <span class='ocrx_word' id='word_1_371' title='bbox 603 4361 622 4412; x_wconf 88' lang='lat' dir='ltr'><strong>l.</strong></span> <span class='ocrx_word' id='word_1_372' title='bbox 642 4361 660 4412; x_wconf 89' lang='lat'><strong>1.</strong></span> 
     </span>
    </p>
   </div>
   <div class='ocr_carea' id='block_1_10' title="bbox 0 0 1474 5016">
    <p class='ocr_par' dir='ltr' id='par_1_10' title="bbox 0 0 1474 5016">
     <span class='ocr_line' id='line_1_46' title="bbox 0 0 1474 5016; baseline 0 0"><span class='ocrx_word' id='word_1_373' title='bbox 0 0 1474 5016; x_wconf 95' lang='lat' dir='ltr'><strong> </strong></span> 
     </span>
    </p>
   </div>
  </div>
 </body>
</html>
