2938 5016
327 408 360 456 10
587 408 740 460 RIGHRRI
760 408 1011 462 HISTORIARUM
1029 409 1141 461 LIBER
1161 412 1182 464 l.

564 577 612 640 12.
655 577 838 641 Promotio⁸
859 576 992 642 Karpo
1014 578 1048 640 in
1069 588 1209 662 regem&

408 675 532 740 Interea
563 699 621 742 rex
653 701 673 742 a
704 678 876 743 Lemovica
908 678 987 743 urbe
1020 678 1169 762 dimotus,
1199 679 1423 744 Echolisinam¹

269 807 279 824 .
325 760 405 844 petit
431 781 469 823 ac
491 759 536 824 ibi
559 783 703 848 quaeque
748 762 866 826 erenda
888 762 1038 847 disponit.
1076 763 1143 828 Nec
1164 763 1264 830 multo
1286 775 1359 850 post
1383 787 1424 850 pe·

323 853 393 907 tens
416 843 655 943 Petragoram²,
688 785 844 910 nobilium
866 868 979 911 causas
1002 869 1084 932 quae
1105 846 1215 912 litibus
1237 848 1425 934 agitabantur

324 926 370 990 ibi
393 929 584 1013 aequissime
607 929 741 1012 ordinat,
774 930 968 1016 plurimum*
991 929 1031 995 de
1054 931 1276 996 communibus
1299 934 1424 996 omnium

325 1013 428 1075 causis
455 1012 542 1110 apud
572 1015 741 1099 optimates
763 1025 969 1100 pertractans.
1014 1014 1139 1095 Quibus
1173 1038 1246 1080 cum
1278 1016 1358 1081 foret
1383 1015 1423 1079 ad-

324 1094 453 1159 modum
481 1107 618 1162 intentus
645 1097 754 1184 ibique
776 1121 834 1184 per
855 1097 976 1184 aliquot
996 1107 1141 1186 tempora
1155 1121 1223 1164 sese
1246 1110 1424 1164 moraturum

324 1191 526 1265 proponeret,
549 1180 648 1247 Fulco
670 1182 843 1246 Remomm
867 1182 1127 1269 archiepiscopus
1150 1183 1190 1247 de
1212 1183 1346 1248 Karolih
1366 1206 1423 1270 pro-

216 1271 253 1326 ’μ
262 1275 314 1317 ⁵²³·
323 1265 463 1328 motione
477 1265 511 1327 in
525 1287 659 1350 regnum
674 1266 779 1352 *apud
793 1265 910 1352 Belgas
931 1266 1098 1332 tractabat.
1130 1267 1309 1332 Videbatur
1324 1270 1423 1333 etenim

264 1335 407 1430 ⁸⁹³·tm1o,
438 1347 524 1434 quod
546 1372 677 1434 presens
704 1352 900 1436 oportunitas
928 1349 1002 1415 huic
1030 1353 1077 1415 rei
1104 1350 1146 1416 ali
1170 1374 1246 1416 uam
1268 1351 1423 1416 commodi-

322 1440 439 1495 tatem⁰
457 1443 585 1517 pararet
593 1435 615 1497 ἃ.
658 1433 760 1562 quue
782 1434 976 1520 plurimum⁰
991 1374 1205 1520 persuadebat
1219 1435 1423 1502 Neustriorim

322 1515 467 1580 absentia
480 1519 518 1580 **.
562 1517 691 1583 Etenim
732 1540 804 1582 cum
826 1539 901 1603 rege
923 1520 957 1581 in
978 1519 1123 1605 partibus
1137 1519 1331 1606 Aquitaniae
1345 1530 1424 1584 ames

323 1598 554 1666 detinebantur.
614 1601 799 1667 Suadebant
835 1625 962 1701 quoque
998 1602 1189 1689 multiplices
1229 1604 1423 1668 adolescentis

324 1685 570 1769 quaerimoniae.
615 1686 684 1749 Iam
699 1687 785 1750 enim
801 1685 989 1785 qurndennis
1006 1684 1045 1750 de
1060 1710 1094 1751 re
1142 1689 1149 1703 ‘
1166 1689 1338 1753 amissione
1352 1685 1424 1774 apud

323 1768 443 1831 amicos
466 1777 496 1832 et
513 1769 704 1834 domesticos
726 1771 913 1855 gravissime
937 1792 997 1834 con
1020 1793 1095 1835 uere
1119 1781 1198 1838 atur.
1227 1772 1424 1857 Regnumque

219 1861 273 1906 ’τοι
285 1859 492 1997 sapatemum
509 1862 652 1938 repetere
668 1853 766 1918 multo
783 1864 898 1919 conatu
919 1791 1118 1920 molibbatur.
1163 1855 1222 1919 *Ei
1237 1877 1313 1942 ergo
1330 1877 1423 1921 omnes

353 1933 472 2019 elgicae
494 1938 656 2022 principes
677 1947 710 2002 et
736 1936 857 2024 aliquot
880 1938 1020 2004 Celticae
1048 1961 1250 2026 summopere
1279 1940 1423 2004 favebant.

322 2017 448 2083 Horum
470 2041 597 2168 quoque
619 2043 791 2086 consensus
814 2021 873 2086 sub
895 2024 1045 2087 Remensi
1071 2023 1315 2110 metropolitano
1337 2045 1423 2088 sacra-

322 2105 420 2168 menti
441 2105 509 2168 iure
554 2115 684 2170 rmatur.
727 2105 776 2170 Ac
799 2115 941 2193 tempore
956 2116 1071 2172 statuto
1088 2109 1289 2191 conveniunt,
1312 2131 1354 2173 ex
1366 2106 1423 2171 Bel-

320 2187 415 2272 giea³
430 2188 560 2274 quidem
573 2188 780 2273 Coloniensis,
793 2191 981 2256 Trevericus
996 2200 1091 2277 atque
1102 2193 1309 2278 Maguntinns
1325 2201 1423 2257 metro·

346 2271 455 2337 olitani
484 2294 557 2338 cum
584 2275 648 2339 suis
672 2273 869 2339 diocesaneis
898 2276 1081 2361 episcopish
1110 2286 1165 2340 aut
1187 2298 1298 2340 eorum
1324 2275 1423 2363 proba-

321 2292 453 2422 iiilibusi
474 2355 602 2442 legatis3
637 2382 678 2424 ex
701 2358 822 2425 Celtica
844 2381 920 2424 vero
943 2359 1116 2424 Remorum
1132 2359 1303 2508 predictus
1325 2369 1422 2424 metro-

320 2440 479 2589 politanus
502 2464 575 2506 cum
591 2442 734 2528 aliquot⁰
751 2445 816 2507 suis
832 2443 1038 2524 diocesaneis,
1061 2443 1131 2508 Lau
1153 2447 1266 2509 unensi
1281 2443 1422 2522 videlicet,

350 2523 527 2589 atalaunico
550 2535 582 2589 at
605 2548 644 2590 ue
659 2526 842 2592 Morinensi.
886 2525 1064 2591 Armo***·¹‘
1085 2538 1192 2592 autem
1213 2527 1422 2594 incarnationis

217 2607 522 2674 rassadominicaek
546 2548 617 2673 aab.
643 2609 683 2697 [5.
699 2609 772 2672 Kal.
781 2610 825 2698 Ψ
847 2610 1010 2692 Februar,
1033 2611 1085 2676 die
1100 2612 1271 2696 dominica,
1295 2611 1422 2677 collectie

320 2692 428 2756 Remis
450 2692 484 2753 in
505 2690 637 2756 basilica
652 2695 753 2756 sancti
767 2693 906 2780 Remigii
920 2693 1076 2759 Karolum
1092 2696 1307 2784 quindennem
1328 2715 1423 2781 regem

320 2784 429 2839 creant
458 2796 496 2839 ac
516 2777 550 2839 in
571 2775 650 2840 urbe
667 2787 884 2924 purpuratum
912 2801 999 2843 more
1026 2781 1115 2866 regio
1137 2779 1243 2845 edicta
1265 2780 1341 2845 dare
1363 2799 1422 2842 con-

320 2861 460 2923 stituunt.
505 2859 549 2923 Et
563 2882 605 2923 ex
621 2858 665 2924 Oe
678 2862 741 2926 tica
757 2860 886 2947 quidem
908 2865 1094 2948 paucissimi
1115 2865 1183 2929 eius
1205 2875 1312 2952 partes
1326 2883 1422 2962 seque·

319 2943 444 3008 bantur.
487 2942 541 3006 Ex
561 2942 693 3029 Belgica
720 2967 796 3009 vero
824 2947 853 3009 ei
883 2967 992 3010 omnes
1022 2947 1142 3013 addicti
1174 2959 1257 3014 sunt.
1301 2949 1351 3013 Ab
1372 2945 1422 3010 rllrs

319 3028 404 3090 enim
426 3027 628 3091 devotissime
651 3038 812 3114 exceptus,
840 3051 898 3115 per
919 3043 1057 3094 omnesm
1080 3054 1190 3098 corum
1211 3033 1307 3098 urbes
1328 3041 1358 3097 et
1378 3052 1422 3114 op-

318 3110 416 3197 pidan
439 3109 665 3176 humanissime
688 3112 842 3177 deductus
865 3123 921 3178 est.

392 3283 416 3352 *)
436 3285 477 3338 Pl.
497 3286 530 3337 de
550 3288 670 3354 privatis,
690 3286 853 3354 multumque
875 3288 909 3340 de
930 3305 1023 3342 comm.
1044 3291 1069 3340 1.

379 3375 415 3444 **)
436 3381 481 3444 qui
501 3379 642 3446 Sequanae
663 3379 808 3446 Ligeriqne
828 3381 915 3431 fluviis
940 3382 1099 3434 interiacent
1127 3382 1190 3434 odd.
1214 3383 1237 3435 l.
1276 3383 1378 3434 Etenim
1395 3403 1421 3414 -

439 3451 628 3504 detinebantur
645 3451 674 3503 in
692 3470 777 3520 marg.
797 3451 928 3520 inferiori.
1013 3486 1016 3493 ·

440 3543 517 3593 Anno
533 3570 567 3579 —
582 3543 725 3606 dominica,
745 3545 844 3607 Remis,
862 3551 1002 3597 creant-
1015 3545 1086 3597 redit
1099 3544 1134 3614 (o.
1148 3545 1193 3614 ts)
1214 3546 1230 3595 2
1249 3548 1292 3600 cel
1308 3545 1337 3598 ia
1348 3560 1421 3610 morp.

438 3616 481 3667 cel
498 3615 527 3665 ia
546 3615 601 3666 loco
620 3631 692 3667 roso.
712 3615 893 3684 (Collectique
911 3619 1037 3694 pcrpchqt
1058 3617 1093 3685 1).

370 3541 420 3609 ”ss)

378 3776 401 3830 a)
418 3779 457 3829 tio,
475 3788 511 3818 em
527 3779 583 3820 abac.
629 3777 652 3831 b)
670 3780 867 3831 Kaptarumqac.
914 3780 935 3832 c)
952 3793 1034 3824 οσανν.
1081 3781 1104 3834 d)
1122 3785 1194 3824 vocat.
1211 3795 1303 3825 crocum.
1346 3780 1367 3833 e)
1380 3784 1421 3878 ράσὲῑ

318 3835 564 3946 discidi&
580 3839 673 3950 ili..
689 3837 850 3940 iiiut.
907 3839 930 3951 ll
947 3841 1196 3951 i.⁹itt⁰t¹‘¹.¹¹.¹:.l'
1210 3849 1261 3954 Pit
1275 3842 1422 3953 titt...

315 3955 410 4004 primum
426 3956 450 3995 in
467 3956 572 3996 omnibus
589 3967 609 3997 e.
626 3957 720 3998 urbibus
789 3959 879 4008 oppidis
894 3959 997 4008 scriptam
1012 3964 1065 4002 crat.
1127 3959 1151 4013 n)
1169 3964 1191 4001 et
1207 3971 1251 4012 opp
1268 3963 1323 4002 abac.

394 4085 421 4154 1)
441 4089 617 4154 Angouleme.
676 4088 705 4156 2)
724 4088 884 4156 Perigueux.
952 4089 981 4157 3)
1001 4090 1136 4144 Hlotharii
1154 4108 1266 4160 regnum
1284 4100 1345 4146 tunc
1363 4097 1420 4142 tem·

318 4162 389 4226 poris
402 4161 511 4214 Amulio
531 4165 651 4230 paruisse
672 4169 784 4228 constat,
804 4165 885 4230 igitur
904 4164 932 4216 hi
950 4171 1004 4216 tres
1024 4165 1219 4234 archiepiscopi
1238 4167 1362 4219 Karolum
1380 4163 1419 4213 mi·

317 4235 388 4285 nime
408 4251 499 4300 rogem
519 4237 570 4288 sibi
590 4237 736 4303 elegerunt.
812 4238 841 4301 4)
856 4238 934 4288 Hunc
949 4238 1019 4288 diem
1033 4238 1127 4290 Karoli
1141 4239 1287 4307 diplomata
1299 4239 1419 4294 indicant3

320 4305 391 4357 diem
420 4307 612 4374 purificationis
642 4327 663 4361 s.
690 4311 793 4360 Mariae
822 4309 914 4377 (Febr.
942 4310 970 4376 2)
1000 4312 1085 4363 minus
1114 4319 1186 4364 recte
1215 4314 1283 4364 Arm.
1307 4311 1418 4369 Vedast.;

318 4379 352 4429 cf.
372 4381 489 4432 Bbhmer
508 4383 574 4448 Reg.
594 4384 657 4434 Kar.
677 4401 703 4450 p.
727 4383 786 4434 178.
1392 4406 1408 4450 ,κ
