2936 5010
313 338 364 392 too
568 337 720 390 alenam
740 337 992 392 ntanoataaun
1011 339 1122 391 mana
1141 337 1210 390 1111.

194 503 660 676 12n·”tt¹.⁰.ftttt.⁰t.;”tt
681 505 1412 676 iiliiliibaiiili.⁰faisll²⁶siiuieil

310 673 566 740 constituendum
580 695 661 756 reor,
684 683 719 771 ut
740 673 822 738 ultra
835 673 888 773 'eis
910 673 1095 739 defensandi
1116 673 1205 772 locus
1219 695 1286 738 non
1300 681 1422 772 pateat,

148 782 221 826 aare.
234 759 361 825 aruhic
383 767 504 824 tantum
526 779 611 822 nunc
633 765 771 844 cogitata
792 757 937 824 edicant'.
970 759 1062 822 Tunc
1082 759 1233 856 Sigumus
1254 779 1409 856 eprscopu

309 842 433 908 Arnulfi
456 849 607 907 statutum
629 840 787 928 approbat
814 864 852 906 ac
884 841 1094 908 decretalibus
1128 841 1328 906 mterdicusc
1365 863 1413 904 vro

308 925 519 1078 ffiffllet‘
542 925 577 991 Si
599 925 756 1012 quispiam
780 925 877 1012 ergo(¹
899 925 977 1012 quid
998 925 1103 992 dicere
1125 924 1229 1008 habet,
1252 935 1289 990 ut
1312 925 1404 990 edica

198 1179 299 1234 ‘nost
457 1167 526 1232 ⁰67.
568 1165 743 1230 Defensio⁰
766 1164 1028 1232 scolasticorume
1051 1187 1108 1252 pro
1130 1164 1273 1233 Amulfo.

229 1309 247 1338 e.
267 1297 300 1338 ro.
393 1273 531 1336 Etcum
553 1266 660 1354 plures
683 1267 726 1332 ibi
750 1269 942 1350 assisterent,
964 1269 1019 1355 qui
1039 1270 1073 1332 in
1094 1268 1276 1334 defensione
1291 1268 1425 1332 niteren-

310 1365 370 1439 tur,
401 1355 534 1421 maximi
560 1362 666 1417 tamen
695 1351 876 1418 defensores
903 1352 991 1417 fuere
1020 1351 1153 1418 abbates
1182 1352 1276 1418 Abbo
1306 1350 1441 1430 Floria-i

182 1455 240 1500 Ἱοι.
257 1457 298 1500 sot
311 1441 433 1506 censis¹
457 1449 488 1504 et
509 1434 696 1503 Ramnulfus
720 1436 910 1502 Sunonensis
921 1449 942 1520 ²,
969 1439 1083 1522 *atque
1105 1435 1262 1501 Iohannes
1284 1436 1442 1516 scelesti-r

312 1546 367 1589 cus
394 1521 674 1588 Autisiodorensis.
718 1520 762 1584 Hi
790 1522 874 1587 enim
905 1521 1038 1586 scientia
1066 1519 1160 1585 simul
1187 1531 1218 1586 et
1245 1519 1443 1608 eloquentia*

310 1611 393 1674 inter
414 1629 487 1673 suos
509 1607 649 1691 insignes
671 1604 878 1670 habebantur.
915 1605 958 1670 Et
979 1604 1099 1670 indicto
1115 1603 1249 1686 silentio,
1271 1603 1424 1668 librorum
1443 1651 1444 1702 p

311 1692 412 1757 multa
432 1691 596 1756 volumina
617 1697 729 1775 aperta
750 1699 832 1772 sunt,
854 1689 954 1754 multa
976 1710 1103 1774 quoque
1120 1712 1162 1753 ex
1199 1699 1303 1752 atrum
1319 1687 1445 1782 decre-¹

311 1777 351 1842 tis
377 1775 515 1862 prolata,
544 1771 696 1838 nonnulla
725 1774 820 1837 etium
847 1773 888 1837 ad
917 1772 1132 1838 defensionem
1161 1711 1295 1838 obiecta.
1340 1773 1426 1836 Inter

313 1882 393 1946 quae
416 1867 550 1946 quatuor
571 1856 787 1943 principaliter
809 1857 999 1922 obiciebant.
1042 1855 1181 1922 Aiebant
1206 1859 1301 1939 enim,
1330 1857 1424 1943 inpri-

223 1988 247 2018 ο,
265 1945 372 2018 semis
394 1966 467 2008 eum
489 1963 564 2007 suae
586 1939 654 2005 sedi
675 1941 921 2024 restituendum;
943 1939 1057 2006 deinde
1078 1939 1267 2026 legittimam
1289 1941 1320 2004 ei
1334 1922 1447 2006 voca-l

311 2030 432 2093 tionem
452 2024 680 2108 adhibendam3
707 2033 774 2089 tum
797 2047 923 2112 quoquc
946 2027 1089 2090 Romano
1118 2025 1261 2110 pontifici
1281 2024 1316 2088 id
1338 2026 1424 2088 inno·
1447 2014 1448 2054 l

312 2112 513 2195 tescendum;
546 2119 578 2176 et
610 2118 770 2196 postremo
803 2110 962 2197 pontificis
1005 2109 1140 2173 Romani
1172 2109 1360 2174 auctoritate
1395 2104 1449 2170 inl

312 2195 454 2284 generali
475 2194 588 2260 sinodo
610 2205 711 2259 totum
733 2193 855 2258 facinus
882 2193 1124 2258 discutiendum.
1168 2193 1239 2258 Hoc
1261 2193 1358 2257 etiam
1382 2215 1424 2256 se·
1449 2193 1450 2254 l

312 2281 452 2346 cundum
474 2281 597 2345 divinas
620 2288 651 2344 et
672 2277 827 2342 humanas
848 2277 934 2364 leges
961 2275 1204 2363 approbandum
1231 2276 1424 2342 asserebant.
1450 2283 1451 2344 l

604 2437 653 2500 68.
697 2435 891 2501 Infirmatiol
910 2434 1124 2500 defensionisf.

394 2538 446 2602 Ab
468 2538 567 2603 altera
588 2559 665 2602 vero
687 2545 776 2623 purte
798 2559 985 2622 responsum
1008 2547 1064 2618 cst,
1087 2559 1159 2602 eum
1182 2535 1251 2602 sedi
1272 2537 1423 2622 pristinae

311 2643 376 2686 non
396 2622 633 2703 restituendum,
664 2643 702 2685 eo
724 2621 810 2706 quod
833 2619 936 2720 culpis
958 2621 1204 2686 evidentissimis
1225 2643 1245 2684 a
1265 2619 1423 2706 probabili

311 2715 493 2772 accusatore
521 2705 694 2786 convictus,
726 2705 768 2768 ad
797 2704 923 2789 flagicia
950 2705 1053 2790 magis
1082 2727 1226 2790 preces,
1259 2726 1354 2790 quam
1382 2703 1422 2766 ad

311 2788 472 2875 religionis
494 2787 646 2852 honorem
667 2799 699 2852 et
719 2787 920 2852 dominorum
941 2789 1036 2854 fidem
1053 2727 1238 2854 commodus
1255 2788 1422 2853 videretur.

312 2873 379 2938 Nec
400 2874 463 2937 iam
485 2872 568 2937 ultra
590 2893 659 2936 esse
687 2871 881 2953 vocandum,
911 2895 986 2937 cum
1007 2883 1085 3020 post
1118 2873 1307 2959 proditionis
1335 2871 1421 2935 nefas

312 2979 370 3045 per
401 2980 458 3022 sex
490 2957 657 3022 continuos
689 2978 814 3022 menses
845 2967 976 3022 vocatus
1021 2959 1102 3022 uerit
1134 2967 1166 3022 et
1197 2955 1238 3021 ad
1270 2957 1420 3022 rationem

311 3042 420 3108 venire
448 3041 682 3141 contempserit.
734 3041 878 3106 Romano
905 3064 980 3106 vero
1008 3041 1150 3127 pontifici
1178 3040 1334 3105 notificari
1357 3059 1420 3102 non

312 3148 415 3213 posse,
428 3147 465 3191 eo
478 3125 563 3212 quod
574 3126 695 3190 rtineris
707 3123 874 3189 difficultas
885 3134 980 3211 atque
991 3125 1192 3189 inimieorum
1202 3126 1307 3189 minae
1315 3123 1347 3188 id
1355 3121 1419 3208 plu-

311 3213 427 3275 rimum
457 3210 726 3296 prohibemns-³.
769 3208 808 3274 Id
829 3211 929 3274 verol
952 3208 1078 3274 sceleris
1099 3209 1163 3273 iam
1183 3229 1249 3272 nou
1270 3231 1339 3272 esse
1360 3207 1419 3270 dis-

312 3293 506 3376 cutiendum,
528 3316 601 3358 cum
616 3303 718 3359 totum
733 3302 901 3375 constaret,
923 3301 1087 3357 accusator
1104 3294 1223 3358 crimen
1246 3291 1419 3358 intenderet

312 3401 350 3444 ao
377 3379 611 3443 firmamentum
636 3377 804 3464 multiplex
830 3376 970 3455 afferret;
998 3399 1070 3442 reus
1096 3399 1173 3442 vero
1196 3378 1357 3441 convictus
1376 3371 1419 3438 nil

226 3493 249 3525 a.
266 3472 421 3527 aucontra
452 3461 580 3528 valeret.
623 3461 684 3526 His
716 3463 942 3548 episcoporum
974 3462 1137 3526 sententiis
1170 3461 1270 3525 multa
1301 3459 1418 3525 ratione

312 3545 453 3632 prolatis,
476 3546 655 3611 defensores
677 3546 802 3610 cedunt.
847 3545 925 3694 369.)
969 3544 1093 3626 Quibus
1115 3567 1135 3608 a
1155 3545 1337 3610 defensione
1358 3564 1417 3606 oes-

313 3629 465 3712 santibus,
498 3630 641 3777 episcopi
673 3629 751 3694 nihil
782 3629 846 3693 aliu
894 3651 1070 3714 superesse,
1103 3629 1165 3693 nisi
1193 3627 1362 3692 Arnulfum
1387 3627 1417 3688 in

312 3713 454 3777 medium
474 3721 596 3777 statuen
620 3714 700 3796 umi‚
723 3713 902 3797 censebant,
918 3723 953 3778 ut
967 3735 1026 3799 pro
1041 3735 1075 3778 se
1091 3734 1172 3798 quae
1186 3712 1281 3779 vellet
1294 3731 1418 3797 respou-

372 3901 394 3954 ιι)
410 3903 442 3942 tis
456 3903 557 3954 seriptum
572 3907 626 3946 erat.
685 3902 710 3956 b)
726 3904 854 3945 sententias
869 3915 926 3946 eurr.
942 3904 1076 3946 sententias.
1137 3901 1158 3954 c)
1173 3903 1233 3944 inter
1245 3901 1251 3956 Ι
1263 3903 1388 3946 interdiotls
1401 3910 1416 3939 a

313 3962 337 4015 d)
351 3967 401 4014 post
417 3963 467 4002 cdd.
541 3960 562 4013 e)
580 3963 683 4015 Deterret,
703 3964 800 4004 tteorum
816 3963 872 4002 uber.
941 3962 1040 4015 olunt,
1056 3962 1161 4003 detentio
1176 3963 1232 4005 abac.
1302 3962 1325 4014 g)
1341 3963 1415 4003 Diseu-

312 4023 417 4064 tiandum
432 4032 487 4063 vero
502 4022 574 4062 mults
589 4023 678 4063 ratione
695 4025 713 4065 1.
774 4019 798 4074 h)
810 4027 861 4072 poet
876 4022 926 4064 add.
987 4019 1004 4074 t)
1020 4022 1194 4073 producendum
1211 4024 1231 4063 1.

387 4171 415 4240 1)
435 4175 477 4224 Ita
497 4173 576 4224 stiam
597 4171 753 4236 Gerbsrtus3
773 4171 821 4224 ssd
840 4172 978 4224 abbonem
998 4177 1061 4224 tunc
1080 4172 1197 4224 nondum
1210 4174 1315 4226 abbatis
1334 4170 1413 4238 digni-

313 4249 396 4296 tatem
420 4251 527 4298 nactum
551 4246 641 4309 fuisse,
668 4243 774 4298 Guadst
792 4247 903 4298 monuit.
1005 4245 1034 4314 2)
1055 4245 1183 4300 Senones.
1295 4245 1324 4315 ³)
1344 4247 1413 4297 Hace

311 4315 382 4368 falsa
401 4333 467 4382 esse,
486 4319 608 4370 (letberti
625 4318 741 4370 ostendit
760 4321 874 4372 narratio
895 4337 918 4373 c.
938 4319 972 4369 25
992 4336 1052 4386 sqq.
