2938 5016
299 357 334 407 40
556 355 708 408 RIOHERI
727 354 978 408 HISTORIARUM
997 353 1109 406 LIBER
1127 353 1165 404 11.

239 541 290 584 ⁹³⁶.
324 524 417 607 ossit,
451 532 650 612 contemptus
682 521 830 588 videlicet
861 523 946 608 regis
980 543 1018 587 ac
1049 545 1108 610 per
1139 523 1200 587 hoc
1232 523 1406 610 principum

300 548 474 674 dissensus.
517 609 690 695 Repetatur
712 629 788 707 ergo
810 608 987 754 interrupta
1007 605 1170 694 paululum
1193 608 1299 693 regiae
1321 631 1407 692 gene-

300 693 432 758 rationis
461 692 554 775 linea,
586 713 624 756 ac
651 690 764 756 Karoh
792 691 892 756 filium
949 691 1120 755 udovicum
1147 714 1167 755 a
1197 693 1407 756 transmarinis

324 776 446 843 artibus
474 785 669 859 revocantes,
699 797 807 860 regem
836 775 928 842 vobis
951 775 1100 842 decenter
1127 787 1241 841 create.
1296 775 1407 863 Sisque
1458 833 1459 836 ,

300 801 384 946 dett,
406 873 441 928 ut
462 873 493 927 et
514 861 646 963 antiqua
667 859 817 926 nobilitas
838 861 945 946 regiae
968 860 1075 946 stirpis
1097 871 1249 943 servetur,
1271 871 1302 926 et
1316 861 1408 924 ferito·
1458 885 1459 890 ¹

301 948 373 1012 resb
388 967 407 1010 a
423 947 628 1046 querimoniis
645 945 819 1032 quiescant.
856 945 924 1008 Iam
941 943 1026 1032 quod
1041 945 1146 1029 potius
1168 955 1217 1010 est
1238 955 1407 1032 sequentes,
1458 972 1459 976 ¹

301 1031 509 1096 amaritrmis
531 1029 639 1094 horisc
661 1027 893 1094 adolescentem
922 1031 1126 1093 revocemus'.
1170 1029 1296 1110 Quibus
1323 1029 1407 1093 dictis
1458 1085 1459 1089 ,

302 1113 468 1180 Gallorum
489 1115 650 1201 principes
672 1114 753 1177 mira
781 1111 994 1178 benivolentia
1016 1111 1164 1178 cedunt*.
1207 1113 1288 1178 Dux
1310 1116 1406 1199 itaque

300 1199 422 1285 legatos
456 1209 596 1264 oratores
628 1207 715 1262 trans
751 1219 837 1262 mare
871 1197 912 1262 ad
945 1197 1184 1262 accersiendum
1217 1197 1406 1263 Ludovicum
1458 1241 1459 1246 κ

300 1284 360 1348 diri
387 1285 418 1368 't,
442 1283 497 1370 qui
520 1284 548 1348 ei
577 1305 596 1346 a
618 1281 699 1346 duce
716 1280 892 1346 Galliarum
914 1280 1046 1428 aliisgue
1063 1279 1263 1368 principibus
1277 1282 1406 1346 reditum

301 1389 358 1432 sua
382 1379 455 1433 eant
492 1389 530 1430 ac
561 1367 600 1432 de
632 1367 753 1430 itineris
786 1367 954 1430 securitate
1010 1363 1082 1430 dem
1122 1368 1312 1431 sacramenti
1348 1367 1405 1429 iure

300 1453 427 1534 faciant,
449 1451 630 1537 principum
657 1449 829 1516 adventum
855 1473 956 1538 usque
981 1449 1022 1514 ad
1044 1450 1131 1538 ipsas
1155 1449 1284 1516 litoreas
1304 1471 1405 1515 arenas

300 1537 494 1602 denuntient.
526 1535 590 1616 Qui
604 1556 682 1599 mox
698 1535 833 1620 digressi
848 1534 1007 1598 Morinum
1017 1535 1070 1580 **·¹
1089 1533 1293 1600 devenerunt.
1317 1533 1406 1600 Cuius
1458 1613 1459 1618 η

299 1622 331 1684 in
361 1629 456 1706 portu
484 1642 580 1685 naves
609 1621 753 1700 invressi,
783 1617 860 1683 velis
889 1619 1083 1683 tumentibus
1113 1620 1274 1704 prosperis
1304 1619 1405 1698 ventiS,
1455 1642 1459 1690 j*

300 1705 418 1790 raptim
441 1703 482 1768 ad
504 1715 620 1769 terram
643 1671 758 1768 devexi
781 1705 882 1768 suntd.
934 1701 1146 1768 Adelstanus⁰
1168 1725 1226 1767 rex
1248 1706 1282 1768 in
1304 1701 1404 1767 urbem
1454 1713 1459 1749 θ’

301 1811 382 1875 quae
405 1787 520 1852 dicitur
541 1788 703 1852 Eurvich²
725 1809 896 1872 regnorum
919 1787 1048 1872 negotia
1078 1808 1150 1850 cum
1172 1797 1290 1873 nepote
1312 1786 1405 1851 Ludo·
1455 1793 1459 1837 l

300 1874 373 1938 vico
399 1871 485 1958 apud
514 1894 587 1936 suos
610 1869 808 1957 disponebat.
852 1870 926 1935 Huc
949 1870 976 1935 le
1001 1871 1045 1934 ati
1067 1869 1280 1954 devenientes,
1308 1892 1404 1956 regern
1453 1893 1459 1954 3]

300 1957 418 2023 adeunt
447 1979 484 2021 ac
514 1956 652 2021 educes
677 1953 942 2042 magnatibusque
998 1953 1131 2018 allorum
1158 1955 1309 2021 decenter
1337 1964 1404 2020 salu·
1455 1960 1459 1984 ²

300 2051 416 2107 tantur.
1458 2057 1459 2064 ¹

384 2191 412 2254 3.
443 2189 596 2274 Legatioss
619 2187 804 2254 Gallorum&
826 2188 867 2252 ad
889 2187 1122 2254 Adelstanumss
1143 2210 1252 2274 regem
1273 2209 1332 2275 pro

762 2272 959 2337 Ludovicoss.

383 2375 592 2475 Lnegationem
608 2377 702 2477 etiam
718 2374 973 2501 promulgantes:
996 2374 1127 2456 ‘Ducis’,
1143 2374 1299 2462 inquiunt,
1317 2373 1402 2438 ‘beni-

300 2458 438 2524 volentra
459 2471 554 2558 atque
577 2482 717 2524 omnium

764 2461 818 2559 qui
840 2460 873 2522 in
889 2457 1001 2523 Galliis
1023 2459 1161 2544 potiores
1184 2468 1256 2522 sunt
1277 2458 1339 2523 huc
1356 2477 1403 2542 per

299 2543 402 2607 undas
424 2545 525 2628 ignotr
555 2544 651 2607 maris
673 2543 875 2624 devenrmus3
904 2553 992 2608 tanta
1021 2552 1068 2607 est
1099 2543 1240 2606 omnium
1269 2541 1402 2607 voluntas

301 2627 442 2691 omnium
465 2650 505 2692 ue
529 2648 709 2691 consensus.
752 2627 873 2692 Divaei
895 2629 1067 2692 memoriae
1090 2625 1225 2691 Rodulfo
1250 2626 1320 2691 orbi
1342 2625 1402 2690 sub·

300 2719 412 2792 tracto,
442 2649 510 2775 dux
538 2710 738 2776 Ludovicum
762 2711 932 2776 succedere
954 2711 1152 2798 procuravit,
1174 2733 1247 2775 curn
1269 2710 1303 2775 id
1325 2707 1402 2775 multi

299 2795 392 2859 inviti
422 2793 641 2877 concederent,
676 2817 712 2859 eo
743 2795 828 2882 quod
851 2795 890 2860 de
912 2797 1011 2882 patris
1040 2796 1187 2882 captione
1210 2794 1311 2860 filium
1333 2793 1402 2858 adeo
1458 2805 1459 2828 ³

300 2889 484 2964 suspectum
499 2879 660 2944 haberent.
693 2880 843 2945 Attamen
865 2879 940 2944 duci
962 2879 1136 2946 elaboranti
1158 2879 1191 2944 id
1211 2880 1251 2946 ab
1267 2879 1401 2944 omnibus
1455 2909 1456 2912 ¹

299 2963 525 3028 iocundissime
541 2983 726 3029 concessum
742 2973 797 3028 est.
832 2963 1000 3030 Ludovico
1024 2986 1100 3050 ergo
1124 2986 1232 3028 omnes
1255 2963 1334 3029 bene
1354 2982 1402 3048 per
1458 2991 1459 2994 ¹

301 3047 407 3111 omnia
423 3045 541 3112 obtant.
575 3047 641 3112 Nec
657 3047 718 3112 sibi
734 3049 905 3136 quicquam
928 3049 1029 3114 maius
1053 3059 1108 3114 aut
1130 3049 1233 3113 carius
1256 3050 1323 3114 estl
1345 3049 1401 3112 eius

301 3130 410 3196 salute.
454 3131 549 3197 Illum
578 3133 686 3218 itaque
709 3155 817 3197 omnes
846 3131 937 3197 reddi
965 3143 1088 3218 petunt,
1138 3155 1212 3197 uem
1239 3133 1271 3195 in
1302 3130 1401 3198 Galliis

300 3214 419 3282 utiliter
433 3239 566 3302 regnare
583 3218 725 3303 cupiunt.
762 3215 904 3303 Tempus
920 3218 1069 3282 constitui
1084 3156 1203 3300 volunt,
1226 3238 1289 3303 quo
1304 3236 1400 3301 regna·
1458 3219 1459 3228 ’

300 3311 371 3367 turo
404 3301 445 3366 ad
475 3305 545 3389 ipsa
573 3301 670 3367 maris
699 3300 792 3366 litora
821 3301 888 3366 dux
919 3323 990 3364 cum
1021 3302 1218 3388 principibus
1248 3300 1401 3366 occurrat’.
1457 3315 1459 3352 ³

300 3385 506 3452 *Adelstanus
538 3410 596 3452 rex
629 3387 696 3450 acsi
728 3385 892 3451 barbaris³
925 3408 990 3450 non
1021 3386 1096 3450 satis
1127 3386 1268 3468 credens,
1298 3385 1337 3450 ab
1364 3383 1401 3448 eis
1456 3355 1459 3420 l

300 3469 396 3535 fidem
441 3473 492 3536 erl
515 3479 711 3536 sacramenta
733 3492 828 3554 super
849 3469 909 3534 hoc
932 3469 1055 3556 quaerit
1081 3479 1112 3534 et
1133 3469 1175 3533 ad
1196 3480 1306 3535 votum
1332 3466 1400 3534 acci·
1453 3472 1459 3537 i

300 3557 356 3639 pit.
426 3577 538 3639 empus
562 3575 689 3640 quoque
711 3553 861 3641 colloquii
883 3553 1022 3618 habendi
1044 3555 1201 3619 statuitur.
1238 3553 1348 3639 Legati
1368 3549 1401 3614 ab
1457 3545 1459 3582 l

299 3659 376 3722 rege
390 3638 548 3702 munerati
563 3647 658 3722 atque
674 3637 817 3721 digressi,
831 3640 865 3702 in
881 3637 1002 3703 Gallias
1017 3638 1097 3701 mari
1111 3660 1256 3702 remenso
1271 3637 1400 3711 redeunt,

1457 3753 1458 3786 l

374 3797 397 3866 *)
414 3815 446 3850 ac
465 3799 631 3852 Ludovicum
651 3801 851 3853 accersiendum
873 3799 1049 3853 conclamant.
1070 3801 1133 3853 add.
1155 3803 1178 3851 1.
1457 3793 1459 3810 '

361 3869 398 3940 ⁰)
418 3874 565 3926 Bononiam
588 3876 610 3923 1.

358 4018 381 4071 a)
393 4026 445 4072 post
460 4021 509 4060 add.
554 4019 578 4074 b)
596 4022 662 4062 multi
679 4024 699 4064 1.
747 4020 897 4073 c)1'.e.orls.
958 4020 981 4073 d)
999 4021 1139 4062 devenerunt
1156 4022 1176 4060 1.
1230 4017 1252 4071 e)
1268 4021 1316 4060 Rex
1330 4017 1368 4058 Aa.
1383 4013 1400 4050 l·
1457 3963 1459 4012 i

298 4078 317 4132 f)
333 4080 354 4122 d.
363 4079 484 4122 Gallorum
501 4083 521 4122 1.
576 4079 598 4132 g)
616 4082 645 4133 lo,
663 4091 720 4132 rum,
737 4091 814 4132 anum,
831 4082 912 4121 dovlco
929 4081 984 4120 abac.
1031 4077 1054 4130 h)
1071 4080 1176 4120 omnibus
1193 4089 1222 4120 ex
1239 4079 1319 4119 Galliis
1334 4077 1400 4117 raven-

298 4140 359 4180 tlbus
374 4141 418 4181 huc
435 4142 456 4183 1.
517 4137 535 4192 l)
550 4141 579 4182 D.
595 4141 625 4182 M.
642 4152 659 4182 e.
721 4140 745 4193 k)
762 4152 781 4182 e.
796 4140 908 4181 Ludovici
925 4142 945 4180 l.
1006 4137 1022 4191 l)
1039 4139 1090 4180 lure
1105 4139 1243 4180 sacramenti
1260 4141 1280 4179 1.
1457 4137 1459 4210 l

375 4269 402 4339 1)
422 4272 570 4339 Boulogne.
647 4272 675 4340 2)
695 4273 836 4338 Evervieh,
862 4273 1022 4338 Eboracum,
1047 4273 1128 4328 Yorls.
1210 4269 1238 4339 3)
1259 4271 1276 4323 i.
1293 4285 1316 4321 e.
1336 4268 1408 4338 pere*

299 4346 390 4413 grinio,
412 4347 516 4398 exteris.
