2936 5010
261 397 414 449 monam
433 395 684 450 HISTORIARUM
703 395 815 448 LIBER
832 395 902 449 1111,
1086 399 1136 449 131

4 611 5 630 .
40 587 72 630 eo
99 563 177 651 quod
203 565 274 651 ipse
302 564 482 628 divinarum
509 572 541 628 et
567 564 777 628 humanarum
798 585 905 628 rerum
928 565 1061 630 scientia
1082 585 1196 632 ex-esr.

40 647 151 714 calleret
170 656 265 735 atque
279 647 446 712 facundiae
460 647 647 712 efficacitate
668 645 841 734 plurimum
856 647 985 714 valeret.
1017 650 1138 728 Factus

4 683 6 798 l
38 734 131 819 itaque
150 754 221 796 curn
242 731 324 798 duce
344 733 486 796 omnium
507 731 643 814 medius,
665 732 723 796 ait:
745 731 842 818 ‘Rege
863 743 972 799 nostro
991 734 1137 820 piissimo

4 803 6 822 l

4 835 5 872 2
39 819 109 882 inter
120 815 346 882 intellectibilia
360 815 521 898 translato,
536 816 645 901 magni
660 814 749 880 ducis
765 826 1006 904 ceterorumque
1021 817 1137 904 princi-

4 951 5 954 .
39 923 104 986 pum
116 899 327 966 benivolentia
340 898 381 964 ab
397 901 530 966 obiectis
544 907 708 986 purgatus,
723 897 924 984 reipublicae
936 899 1136 965 consulturus

4 1003 7 1126 p
40 985 160 1050 consedi.
192 984 261 1049 Nec
281 984 370 1049 sedet
387 986 504 1066 animo,
527 993 563 1048 ut
581 984 751 1082 quicquam
765 984 827 1047 nisi
841 984 882 1048 ad
897 983 1075 1084 profectum
1089 984 1136 1051 rei

39 1067 170 1154 publicae
192 1068 327 1134 edicam.
358 1066 535 1133 Commune
557 1065 724 1131 eonsihum
745 1088 873 1154 quaero,
896 1090 972 1155 qura
989 1069 1135 1134 omnibus

4 1179 6 1250 ,
39 1153 173 1237 prodesse
186 1152 291 1237 cupi0.
307 1151 391 1216 Cum
401 1152 539 1234 videam,
550 1173 615 1215 non
626 1173 735 1215 omnes
746 1152 848 1238 princi
873 1174 907 1217 es
922 1152 1042 1238 adesse,
1058 1174 1135 1238 quo-

4 1251 6 1330 p
39 1259 98 1300 rum
111 1259 235 1324 quoque
249 1234 419 1322 prudentia
432 1244 464 1300 et
478 1233 707 1320 diligentiores
721 1237 811 1321 regni
825 1174 1039 1302 administrari
1052 1236 1136 1302 vale·
1217 1304 1218 1308 ,

4 1331 7 1426 p
40 1330 92 1402 ant,
105 1323 182 1386 ratio
198 1319 352 1407 querendi
364 1320 459 1405 regis,
474 1327 510 1384 ut
524 1319 602 1383 mihi
615 1318 750 1402 videtur,
766 1320 807 1384 ad
822 1328 947 1406 tempus
962 1319 1137 1386 differenda

4 1427 6 1482 r
40 1413 86 1486 est,
106 1415 138 1469 ut
158 1412 276 1469 statuto
297 1413 439 1489 tempore
454 1412 487 1468 et
500 1424 610 1468 omnes
625 1404 659 1466 in
677 1425 776 1466 unum
792 1403 961 1486 confluant,
983 1415 1015 1469 et
1028 1405 1136 1468 unius-

40 1489 176 1576 cuiusque
198 1488 280 1552 ratio
301 1487 429 1552 elimata
450 1498 482 1553 et
502 1488 536 1550 in
557 1487 700 1552 medium
720 1486 844 1573 prolata
865 1510 955 1552 suam
968 1487 1136 1553 utilitatem

5 1595 6 1618 ³
40 1572 255 1638 accommodet.
298 1571 393 1638 Unde
416 1581 448 1637 et
468 1571 560 1637 vobis
583 1572 638 1657 qui
659 1570 712 1634 hic
735 1569 908 1635 consulturi
929 1573 1047 1638 adestis
1068 1570 1134 1658 pla-

5 1683 6 1686 *
41 1665 105 1739 caat,
124 1679 183 1722 vos
204 1677 331 1721 mecum
352 1677 470 1742 magno
493 1655 567 1720 duci
589 1665 787 1722 sacramento
813 1653 946 1740 alligari,
974 1667 1005 1722 et
1027 1677 1135 1722 coram

41 1739 191 1825 spondere,
219 1738 259 1804 de
286 1741 431 1826 principe
459 1738 627 1804 statuendo
653 1761 711 1804 vos
733 1738 812 1804 nihil
839 1741 1027 1826 quesituros,
1057 1739 1136 1804 nihil

40 1824 198 1907 moliturae,
220 1823 321 1889 donec
341 1825 375 1888 in
396 1847 495 1888 unum
516 1823 694 1907 redeamus,
716 1833 748 1889 et
769 1823 815 1887 sie
830 1823 869 1887 de
889 1822 1037 1889 habendo
1051 1825 1136 1910 prin-

41 1909 98 1993 cipe
117 1909 283 1994 agitemus.
325 1907 503 1972 Plurimum
525 1907 609 1972 enim
623 1905 717 1990 valet,
739 1907 959 1973 deliberationi
974 1907 1044 1973 dari
1065 1930 1136 2007 spa·

41 1992 106 2055 tium
130 1992 299 2079 temporis;
328 1993 362 2056 in
412 2014 454 2056 uo
476 2012 710 2104 quamcumque
731 2015 800 2056 rem
822 1993 956 2079 quisque
977 1993 1136 2072 discutrat,

41 2085 64 2138 ct
82 2076 254 2141 discussam
273 2074 374 2142 multa
387 2015 552 2162 diligentia
565 2073 684 2161 poliat.
726 2075 817 2140 Haec
838 2077 994 2141 sententia
1014 2076 1055 2141 ab
1071 2097 1135 2139 om-

41 2159 119 2225 nibus
140 2183 233 2226 susce
258 2168 291 2224 ta
311 2158 467 2226 laudatur.
511 2158 716 2224 Sacramento
738 2159 847 2245 itaque
862 2159 936 2223 duci
956 2157 1135 2244 alligantur.

8 2267 9 2310 3
41 2242 168 2392 Tempusp
194 2182 349 2309 redeundi
378 2253 409 2310 et
441 2241 653 2308 conveniendi
677 2243 887 2308 constituitur.
931 2241 985 2307 Sic
1007 2263 1134 2328 quoque

40 2347 100 2393 ase
121 2351 155 2394 so
168 2329 215 2392 uti
237 2338 320 2393 sunt.

8 2523 9 2528 η
82 2449 108 2513 9.
151 2449 347 2534 Conquestio
369 2447 480 2513 Karoli
501 2447 589 2534 apud
611 2444 889 2532 metropolitanum
912 2446 951 2510 de
972 2467 1081 2531 regno.

8 2551 9 2568 ²
108 2551 233 2616 Interea
259 2548 414 2633 Karolus,
446 2550 501 2636 qui
529 2549 632 2614 fuerat
663 2549 807 2613 Lotharii
834 2549 946 2630 frater,
978 2546 1158 2612 Ludovici·

8 2637 9 2648 ‘
39 2644 171 2718 patrum,
206 2635 315 2700 Remis
348 2632 627 2720 metropolitanum
657 2633 736 2698 adiit
768 2641 862 2720 atque
891 2633 938 2696 sic
967 2632 1007 2698 de
1034 2653 1134 2717 regno

8 2723 9 2784 ἶ
41 2737 98 2781 eum
119 2720 282 2783 convenit:
319 2716 488 2783 ‘Omnibus
508 2727 621 2782 notum
643 2728 699 2800 est,
721 2727 812 2804 pater
832 2717 1022 2798 venerande,
1046 2717 1183 2792 *iures
1199 2741 1249 2785 oss.

40 2798 215 2867 hereditario
236 2802 352 2868 debere
373 2802 463 2866 fratri
483 2813 514 2868 et
528 2803 637 2889 nepoti
651 2823 702 2866 me
717 2801 895 2867 succedere.
938 2800 1030 2866 Licet
1050 2803 1135 2865 enim

9 2947 10 2952 ,
40 2884 159 2953 ahane
181 2886 222 2951 de
241 2907 341 2972 regno
362 2885 473 2973 pulsus
496 2887 566 2969 sim,
588 2895 695 2950 tamen
709 2894 823 2950 natura
836 2883 914 2950 nihil
930 2885 1134 2951 humanitatis

9 3026 10 3040 .
41 2969 100 3033 mihi
121 2971 303 3056 derogavit3
326 2992 398 3034 cum
414 2969 560 3036 omnibus
574 2970 745 3035 membrisa
766 2978 959 3052 natussum,
983 2971 1052 3034 sine
1067 2972 1133 3056 qui-

8 3057 10 3104 J
41 3048 86 3116 bus
111 3056 217 3142 quivis
247 3054 289 3118 ad
318 3054 504 3140 dignitatem
527 3053 701 3141 quamlibet
721 3055 901 3140 promoveri
928 3075 993 3118 non
1021 3055 1132 3139 potuit.

41 3131 85 3202 His
111 3141 208 3206 etiam
229 3160 293 3202 non
315 3160 418 3222 careo,
448 3160 530 3224 quae
557 3139 591 3201 in
615 3139 794 3222 regnaturis
816 3137 1011 3237 quibushbet
1036 3135 1133 3222 pluri-

40 3239 109 3285 num
135 3223 228 3310 queri
257 3221 366 3304 solent,
394 3244 511 3306 genere
534 3230 566 3288 et
585 3231 621 3287 ut
642 3220 776 3287 audeam
797 3229 924 3286 vrrtute.
968 3219 1034 3286 Cur
1056 3242 1131 3306 ergo

40 3323 53 3364 a
69 3305 179 3372 finibus
200 3307 317 3372 eiectus
339 3327 419 3388 sum,
442 3328 523 3392 quos
543 3329 563 3370 a
576 3303 750 3371 maioribus
765 3305 844 3370 meis
858 3325 1023 3390 possessos
1038 3325 1131 3367 nemo

40 3385 156 3472 dubitat,
182 3411 254 3454 cum
275 3389 372 3455 frater
391 3413 457 3456 non
478 3393 579 3456 sitne
604 3412 703 3476 osque
725 3389 839 3453 obierit
858 3387 1043 3474 prolemque
1064 3386 1132 3450 nul-

40 3467 88 3536 lam
106 3473 315 3561 reliquerint?
356 3475 468 3539 Pater¹
490 3496 549 3539 nos
585 3496 643 3538 uos
661 3474 774 3539 fratres
790 3472 974 3558 superstites
994 3469 1132 3556 reliquit.

10 3629 11 3632 Ἴ
40 3552 133 3624 Frater
161 3580 334 3644 regnorum
362 3558 538 3624 dominium
571 3567 673 3623 totum
702 3556 845 3643 possedit
880 3554 1021 3642 nihilque
1054 3555 1133 3619 mihi

41 3644 188 3708 concessit.
231 3642 302 3728 Ego
324 3641 414 3708 fratri
435 3641 592 3725 subditus,
616 3640 752 3707 fideliter
772 3662 837 3706 non
858 3641 963 3705 minus
984 3638 1054 3704 aliis
1075 3641 1133 3702 mi·

40 3717 118 3791 lavi.
162 3727 194 3790 A
216 3749 280 3825 quo
302 3734 454 3812 tempore,
476 3727 576 3790 fateor
606 3724 684 3789 nihil
705 3725 783 3790 mihi
804 3726 907 3789 carius
921 3724 1018 3790 fuisse
1033 3722 1133 3788 salute

11 3873 12 3894 ,
40 3802 134 3904 hahis.
179 3809 334 3876 Ab1ectus
356 3831 431 3897 ergo
455 3819 486 3876 et
506 3775 618 3877 infelix
633 3831 697 3910 quo
717 3831 769 3874 me
783 3811 891 3910 potius
906 3816 1036 3893 vertam,
1059 3829 1133 3872 cum

11 3901 12 3909 ’
39 3897 136 3958 ehamb
173 3895 279 3960 omnia
310 3896 436 3980 generis
468 3896 531 3960 mei
562 3893 703 3981 presidia
735 3902 876 3958 extmcta
902 3893 988 3956 sint?
1042 3891 1132 3972 Quos

40 3987 203 4056 protervos
225 3979 369 4043 omnium
389 3978 593 4044 honestarum
608 3999 715 4043 rerum
737 3999 835 4062 egens
856 3974 1037 4063 appellem?
1071 3975 1135 4037 Per

13 4189 14 4230 3
84 4166 176 4220 alcum
190 4171 265 4212 blan.
283 4171 302 4210 1.
362 4169 385 4224 b)
399 4175 448 4221 post
462 4171 512 4211 add.

41 4367 45 4378 ι
67 4299 124 4426 hp)
143 4301 224 4355 Pater
244 4326 280 4340 --
297 4301 403 4368 reliquit
422 4301 532 4355 Sallusti
544 4302 626 4354 verba
645 4306 714 4366 suat,
733 4299 892 4366 Iug.c.14,
913 4311 991 4366 quem
1004 4295 1133 4348 Richerus

14 4379 15 4402 ³
40 4383 73 4420 lm
109 4390 145 4428 ur.

13 4438 17 4520 Ι
861 4457 900 4520 9*
