2938 5016
305 349 340 398 46
561 348 713 402 RIOHERI
732 349 984 403 HISTORIARUM
1002 349 1115 400 LIBER
1133 349 1171 400 11.

246 529 299 573 ⁹⁸⁹·
307 516 436 582 ditionis
466 513 602 581 dedecus
632 538 668 580 ea
694 539 788 602 posse
816 517 1004 582 necessitate
1026 517 1166 603 purgari,
1200 515 1287 602 quod
1309 536 1410 580 omnes
1456 591 1457 604 χ

308 601 487 688 oppidanos
516 601 549 664 in
599 601 745 666 roximo²
774 609 829 666 aut
857 599 1042 666 exulaturos
1070 609 1126 664 aut
1158 601 1330 665 morituros
1357 599 1411 664 sibi
1456 609 1457 684 t

314 686 460 750 innotuit.
509 623 726 750 Proditionem
753 707 829 750 ero
857 682 993 785 spondet
1019 708 1058 750 ac
1079 686 1202 750 iuratus
1230 683 1328 748 fidem
1356 682 1410 748 dat
1456 697 1457 748 t

308 769 376 834 Nec
404 769 508 834 minus
542 779 573 834 et
604 769 649 834 illi
684 767 724 834 de
757 707 905 856 pdboibs
943 769 1058 834 iurant.
1112 769 1255 856 Tempus
1286 769 1410 834 facinori
1456 753 1457 778 ¹

308 853 401 952 datur
422 875 458 1002 ap
480 863 676 920 sacramento
705 853 858 919 firmatur.
897 853 1011 938 Legati
1033 852 1178 940 digressi,
1201 875 1270 920 sese
1292 873 1411 939 persua

307 959 384 1003 s1sse
406 961 439 1003 re
453 948 554 1003 erunt.

481 1059 528 1124 12.
551 1059 735 1144 Ingressusb
757 1057 882 1124 Amulfi
903 1060 938 1124 in
959 1057 1252 1124 Monasterioluml.

390 1160 544 1226 Amulius
559 1162 665 1247 itaque
680 1159 816 1227 militum
831 1161 1004 1226 electorum
1019 1161 1147 1247 copiam
1158 1159 1230 1225 colli
1254 1161 1288 1242 it,
1300 1159 1411 1223 facinus

308 1247 487 1346 quaesitum
510 1255 701 1331 patraturus.
743 1246 872 1332 iterque
899 1267 1033 1332 carpens
1061 1267 1135 1309 cum
1164 1184 1290 1311 duabus
1314 1243 1411 1306 cohor-

308 1331 403 1412 t1bus,
435 1340 556 1416 usquec
589 1329 741 1416 oppidum
775 1353 856 1416 pene
889 1330 1027 1396 devenit.
1072 1329 1128 1394 Sol
1158 1331 1223 1394 iam
1251 1327 1413 1393 occiderat

307 1415 455 1480 Proditor
483 1437 541 1500 per
569 1425 693 1500 portam
723 1415 879 1500 quosdam
909 1415 1068 1496 emiserat,
1101 1415 1168 1478 acsi
1196 1411 1306 1499 aliqua
1334 1409 1411 1476 utilia

308 1507 482 1564 curaturos.
525 1497 620 1563 Unde
643 1511 674 1564 et
688 1499 756 1584 ipse
771 1499 805 1562 in
819 1521 911 1564 muro
927 1511 1023 1580 stans,
1045 1497 1149 1564 facem
1164 1497 1410 1562 ardentissimam

308 1583 526 1670 pretendebat,
575 1581 674 1648 veluti
709 1582 836 1647 famulis
871 1585 996 1648 emissis
1031 1581 1140 1646 lumen
1173 1582 1409 1658 ministratums

331 1669 395 1732 uo(¹
417 1669 512 1732 etiam
533 1664 661 1730 luminis
683 1668 773 1752 signo
796 1690 854 1754 per
875 1667 996 1754 legatos
1025 1667 1148 1732 aditum
1176 1666 1408 1752 significaverat.

343 1773 384 1816 uc
410 1749 561 1814 Arnulfus
589 1773 662 1814 cum
689 1751 832 1838 equitatu
858 1751 993 1833 irruens,
1022 1774 1080 1838 per
1131 1761 1232 1816 ortam
1259 1759 1410 1836 patentem
1454 1775 1455 1782 ι

310 1858 328 1901 o
353 1833 465 1934 pidum
485 1835 648 1919 ingressus
664 1845 720 1900 est.
757 1835 890 1922 Εοιιιιθθ
905 1838 1035 1936 potitus,
1058 1774 1184 1900 Erlirini
1198 1856 1333 1900 uxorem
1348 1853 1409 1896 oum

309 1859 382 1984 filirs
404 1919 488 2004 capit
508 1939 547 1982 ac
569 1919 635 1982 eius
664 1920 828 1984 thesauros
859 1920 977 2005 dinpit
1027 1919 1179 1984 Erluinus
1207 1942 1283 1984 vero
1310 1917 1409 1982 habitu

308 2005 485 2084 immutat0,
508 2001 652 2068 emedio
679 2001 818 2069 hostiurn
846 2001 972 2090 elapsus
1002 2014 1060 2070 est.
1103 2001 1256 2068 Amulius
1284 2022 1409 2089 quoque,

310 2087 456 2154 omnibus
482 2087 641 2174 pervasis,
676 2087 814 2174 oppidos
840 2109 914 2153 suos
943 2088 1085 2176 deputat.
1134 2087 1260 2152 Erluini
1287 2106 1408 2151 uxorem

309 2195 381 2238 cum
403 2173 484 2238 natis
506 2169 784 2262 AEdelstanoregi
810 2170 988 2272 Anglorum
1018 2172 1191 2238 servandos
1219 2183 1306 2237 trans
1334 2190 1409 2234 mare

309 2257 465 2345 deportat.
509 2255 626 2342 Sicque
648 2255 690 2320 ad
712 2277 779 2338 sua,
803 2257 921 2344 opprdo
938 2258 1003 2321 suis
1024 2257 1156 2338 munito,
1178 2255 1281 2321 rediit.

311 2380 360 2444 13.
389 2378 606 2465 Conquestio&
627 2376 772 2442 Erluinis
792 2377 879 2463 apud
900 2351 1109 2444 Wilelmum⁸
1130 2378 1243 2442 ducem
1267 2376 1306 2441 de
1328 2372 1409 2438 castri

540 2462 734 2548 uxorisque&
755 2470 787 2526 et
807 2471 975 2527 natorum&
997 2463 1200 2526 amissione&

394 2563 545 2628 Erluinus
566 2584 641 2628 vero
663 2565 721 2627 vix
749 2563 860 2628 mortis
882 2562 1024 2650 periculo
1052 2561 1144 2642 liber,
1173 2564 1216 2628 ad
1238 2561 1409 2628 Wilelmum

312 2648 489 2733 prinoipem
515 2646 785 2713 Nortmannorum
815 2669 885 2712 sese
913 2647 1054 2732 contulit,
1086 2647 1259 2734 plurimam
1288 2647 1327 2712 de
1354 2644 1408 2708 suis

312 2731 439 2796 casibus
461 2731 690 2818 querimoniam
712 2731 800 2819 apud
821 2754 895 2796 eum
916 2734 1051 2819 agitans,
1073 2754 1141 2797 sese
1156 2733 1304 2820 inquiens
1322 2727 1410 2794 infeli·

312 2815 440 2897 ciorem,
463 2835 535 2879 cum
558 2815 675 2902 oppido
698 2826 729 2881 et
750 2815 905 2881 militibus
921 2818 1070 2916 privatus
1091 2838 1129 2881 ac
1150 2837 1252 2882 uxore
1267 2811 1409 2912 filiisquel

312 2900 451 2982 orbatus,
479 2897 558 2963 nihil
602 2909 684 2964 veter
705 2922 821 2988 corpus
843 2901 1014 3000 possrdeat.
1046 2901 1099 2966 De
1120 2900 1232 2987 oppidi
1254 2900 1409 2964 amissmne

312 3005 377 3047 non
399 3006 432 3049 se
453 2981 533 3048 adeo
610 2984 648 3066 oi,
677 3007 751 3048 cum
773 2984 807 3049 id
829 3007 896 3050 s1ne
918 3007 975 3071 spe
996 2983 1105 3072 aliqua
1127 2982 1336 3071 recuperandi
1355 3001 1410 3045 non

313 3068 362 3150 sit,
385 3089 422 3132 eo
445 3067 532 3154 quod
553 3080 636 3134 terra
663 3067 835 3133 immobilis
861 3090 900 3134 ac
929 3091 970 3154 op
994 3070 1083 3134 idum
1111 3069 1345 3134 intransitivum
1369 3065 1409 3128 sit.

312 3151 432 3217 Uxoris
454 3174 531 3218 vero
552 3174 590 3217 ao
611 3150 749 3217 filiorum
770 3154 905 3238 privatio
928 3093 1138 3219 caidmitatem
1159 3149 1410 3218 interminabilem

312 3237 512 3323 pretenderei
534 3237 692 3320 videntur,
720 3258 807 3318 cum,
837 3235 900 3301 illis
931 3239 1137 3325 consumptis,
1164 3238 1175 3300 i
1200 3261 1234 3302 se
1260 3232 1409 3302 doloribus

313 3321 449 3386 assiduis
470 3331 631 3408 urgeatur,
653 3330 685 3386 et
704 3343 769 3386 non
791 3323 999 3408 consumptis,
1021 3331 1054 3387 at
1075 3322 1136 3387 sub
1191 3322 1262 3386 'ena
1283 3317 1409 3385 domina·

312 3406 398 3472 tione
428 3405 572 3488 detentis,
602 3407 671 3491 ipse
704 3426 788 3470 vana
817 3405 989 3471 seducatur
1017 3406 1266 3494 exspectatione.
1314 3405 1408 3485 Quare

315 3511 443 3637 quopue
465 3490 506 3554 ad
527 3489 665 3615 petenda
686 3489 799 3555 solatia
826 3491 1006 3556 sevenisse
1032 3490 1230 3556 memorabat
1254 3510 1293 3553 ac
1316 3504 1407 3575 geme-

312 3571 380 3636 bun
403 3595 440 3658 ns
462 3571 520 3638 hec
564 3573 778 3639 indesinenter
798 3576 936 3660 petebat.

488 3694 537 3756 14.
566 3691 717 3757 Erluinus
740 3695 894 3780 oppidum
915 3705 1080 3781 expugnat
1101 3717 1139 3759 ac
1162 3695 1259 3781 capit.

398 3792 551 3880 Princeps
583 3794 648 3859 bis¹
678 3797 881 3882 querimoniis
910 3805 1030 3882 mobis,
1062 3796 1217 3862 auxilium
1246 3795 1353 3862 annuit
1378 3809 1409 3852 ac

315 3875 451 3941 militum
474 3879 598 3964 copiam
619 3880 649 3943 ei
671 3881 848 3946 committit.
898 3880 1052 3947 Erluinus
1074 3883 1184 3970 itaque
1205 3882 1248 3946 ad
1271 3875 1408 3968 oppidum

314 3971 465 4111 prpperat
499 3984 538 4028 ao
572 3965 793 4050 tempestivius
835 3987 907 4030 cum
946 3967 1047 4054 copiis
1082 3967 1205 4054 appetit
1242 3967 1409 4046 circumque

314 4069 355 4112 va
378 4055 411 4111 at
438 4056 524 4113 terra
550 4049 703 4135 marique.
754 4049 857 4115 Instat
880 4051 988 4138 itaque
1018 4061 1113 4137 atque
1142 4051 1257 4116 acriter
1281 4048 1408 4128 adurget.

373 4172 396 4226 a)
412 4176 529 4226 proximos
546 4177 570 4225 13
586 4179 627 4216 aut
637 4181 689 4226 poa
704 4177 754 4216 aad.
814 4175 838 4229 b)
855 4189 902 4231 sus,
918 4189 956 4231 na,
971 4189 1010 4218 nm
1027 4178 1083 4221 abac.
1130 4175 1151 4230 c)
1168 4179 1197 4218 ad
1214 4179 1234 4219 1.
1279 4175 1302 4228 d)
1318 4171 1374 4223 qnod
1388 4187 1408 4198 ν

316 4234 407 4282 signum
428 4246 450 4286 p.
465 4236 481 4277 l.
502 4235 652 4276 mandaverat
673 4237 692 4275 1.
767 4235 790 4290 e)
807 4236 943 4288 oppidoque
960 4238 981 4279 1.
1056 4235 1074 4289 ι’)
1092 4240 1141 4278 east
1160 4237 1251 4278 salben
1272 4235 1371 4284 inceperat
1391 4228 1406 4264 l.

317 4290 340 4344 a)
356 4296 384 4343 st,
404 4293 445 4346 int,
466 4294 492 4346 11,
514 4306 552 4346 ux,
575 4305 612 4347 na,
628 4296 659 4335 sut
678 4294 734 4337 abac.
795 4293 819 4347 h)
835 4296 850 4336 f.
867 4307 894 4337 ae
909 4308 932 4339 n.
950 4298 969 4338 1.
1029 4294 1048 4349 t)
1062 4297 1200 4348 protendant
1214 4307 1271 4337 corr.
1287 4289 1407 4344 pretendere

316 4351 437 4392 videantur
452 4363 507 4396 corr.
524 4357 547 4393 ut
563 4354 611 4397 edit.
670 4351 695 4406 k)
708 4359 759 4404 post
774 4355 825 4399 add.
885 4354 902 4408 l)
918 4359 993 4397 motus
1009 4355 1031 4396 h.
1048 4357 1069 4396 1.
