2936 5010
271 428 425 479 RIOHERI
442 428 694 480 HISTORIARUM
713 429 823 481 LIBER
842 431 908 484 1111.
1099 436 1152 486 133

9 585 11 672 ξ
53 593 171 678 nalibus,
193 596 361 660 clarissimi
375 596 500 681 generis
515 597 780 683 imperatoribusa
793 599 923 683 ignavia
938 600 978 665 ab
994 600 1147 688 dignitate
1157 619 1207 663 98⁷·

9 691 11 700 ’
51 682 247 766 precipitatis,
281 680 359 745 alios
386 680 481 745 modo
509 701 619 766 pares,
651 682 746 746 modo
780 682 919 768 impares
948 687 1146 753 successisse.

9 701 12 850 1
51 763 106 828 Sed
132 765 208 853 quid
237 765 370 850 dignum
398 763 517 828 Karolo
548 765 682 828 conferri
708 774 822 852 potest,
851 790 946 852 quem
974 768 1054 833 fides
1083 793 1148 836 non

9 855 11 904 ἓ
49 850 127 932 regit,
147 859 256 936 torpor
270 857 409 931 enervat,
431 860 593 934 postremo
616 851 671 935 qui
687 859 776 913 tanta
791 852 905 934 capitis
927 853 1148 920 imminutione

9 1003 10 1008 .
49 932 153 1018 hebuit,
174 944 210 998 ut
232 942 362 999 externo
384 934 454 1017 regi
475 934 593 996 servire
615 933 873 999 10111011191111
898 947 929 1001 et
950 959 1083 1002 uxorem
1106 939 1146 1004 de

9 1019 11 1104 j
48 1016 162 1082 militari
184 1018 292 1082 ordine
314 1017 376 1082 sibi
397 1018 552 1102 imparem
567 1017 772 1083 duxeritis?
805 1019 974 1099 Quomodo
990 1043 1064 1106 ergo
1080 1045 1145 1086 ma-

9 1109 11 1150 ?
49 1125 117 1186 gnus
132 1101 198 1166 dux
210 1103 357 1188 patietur,
372 1101 412 1165 de
424 1102 490 1164 suis
502 1099 656 1166 militibus
666 1102 817 1166 feminam
829 1115 985 1190 sumptam
1001 1106 1145 1189 reginam

48 1187 106 1250 fieri
125 1185 250 1272 sibique
266 1184 445 1248 dominari?
487 1185 656 1266 Quomodo
673 1187 770 1272 capiti
792 1209 850 1252 suo
891 1199 1031 1274 reponet,
1053 1191 1144 1254 cuius

9 1271 11 1360 1
48 1291 127 1354 pares
148 1280 180 1334 et
201 1272 298 1334 etiam
311 1270 447 1333 maiores
469 1269 531 1332 sibi
552 1291 658 1354 genua
672 1269 801 1334 flectunt
819 1295 860 1358 pe
886 1271 1018 1359 'busque
1032 1297 1145 1339 manus

9 1361 11 1428 1
48 1354 239 1440 supponunt?
289 1352 495 1418 Considerate
525 1376 592 1416 rem
625 1352 805 1438 diligenter,
841 1365 872 1420 et
900 1357 1054 1421 Karolum
1087 1381 1145 1422 sua

9 1433 11 1516 1
47 1441 136 1524 magis
159 1437 254 1523 culpa
275 1437 500 1522 precipitatum
524 1459 619 1522 quam
642 1437 744 1501 aliena
757 1438 873 1504 videte.
916 1441 1143 1526 Reipublicae

9 1539 11 1616 1
47 1522 262 1587 beatitudinem
288 1525 391 1606 magis
421 1543 517 1607 quam
546 1521 756 1585 calamitatem
784 1533 899 1608 optate.
944 1525 979 1589 Si
1005 1547 1075 1588 eam
1097 1527 1143 1589 in·

46 1605 155 1671 felicem
170 1607 240 1669 fieri
254 1605 359 1687 vultis,
375 1604 530 1668 Karolum
545 1617 738 1690 promovete.
782 1607 818 1671 Si
832 1607 1033 1690 fortunatam,
1055 1633 1143 1695 egre-

9 1691 11 1728 1
45 1692 121 1772 gium
142 1690 256 1754 ducem
270 1689 443 1837 Huglpnem
464 1690 497 1752 in
518 1713 653 1775 regnum
668 1701 825 1756 coronate.
869 1692 917 1755 Ne
940 1715 1016 1777 ergo
1031 1693 1142 1757 Karoli

45 1795 122 1838 amor
164 1797 301 1860 nemque
325 1775 331 1788 '
358 1775 441 1855 0191,
462 1795 522 1837 199
545 1774 654 1838 odium
669 1776 759 1838 ducis
773 1775 814 1839 ab
833 1775 966 1840 utilitate
982 1780 1143 1841 communi

9 1869 11 1872 ’
46 1798 205 1943 quemlibet
233 1860 393 1924 amoveat!
443 1856 527 1921 Nam
556 1860 582 1920 si
611 1858 731 1922 bonum
759 1861 954 1945 vituperetis
983 1863 1142 1946 quomodo

9 1967 10 1970 ¹
45 1943 148 2006 nalum
164 1942 357 2006 laudabitis?
401 1941 436 2006 Si
450 1939 569 2005 malum
591 1941 736 2023 laudetiS,
761 1943 919 2028 quomodo
934 1946 1054 2010 bonum
1069 1968 1142 2010 con-

9 2043 10 2106 }
44 2027 222 2113 tempnetis?
272 2026 336 2091 Sed
364 2025 480 2114 talibus
508 2025 585 2110 quid
614 2027 833 2091 interminatur
863 2030 933 2114 ipsa
958 2030 1142 2094 Divinitas?

9 2141 10 2186 ;
44 2111 146 2194 “Vae'',
175 2112 287 2198 inquit,
317 2112 393 2196 “qui
420 2110 525 2174 dicitis
553 2109 673 2174 malum
701 2109 836 2192 bonum,
863 2112 982 2176 bonum
1012 2112 1139 2197 malum,
1149 2137 1194 2177 res.
1209 2137 1229 2192 s,
1243 2139 1278 2181 ao.

9 2199 10 2230 ³
41 2207 182 2277 ponentes
208 2195 313 2260 lucem
340 2194 504 2276 tenebras,
534 2205 565 2258 91
592 2193 738 2259 tenebras
767 2193 898 2260 lucem”.
949 2196 1139 2262 Promovete

9 2279 10 2306 l
40 2279 127 2363 igitur
139 2281 231 2345 vobis
247 2280 369 2360 ducem,
391 2291 474 2360 actu,
489 2277 662 2361 nobilitate,
685 2279 786 2363 copiis
802 2277 1021 2362 clarissimum,
1044 2303 1138 2366 quern

40 2384 93 2426 non
114 2365 215 2428 solum
240 2365 287 2428 rei
314 2361 473 2449 publicae,
502 2361 557 2427 sed
584 2373 614 2426 et
642 2363 839 2448 privatarum
868 2385 975 2426 rerum
1002 2374 1137 2431 tutorem

9 2477 10 2500 2
39 2447 202 2513 invenietis.
244 2449 321 2534 Ipsa
351 2448 419 2511 eius
447 2445 663 2512 benivolentia
691 2445 827 2529 favente,
857 2469 929 2510 eum
956 2469 1014 2533 pro
1046 2459 1137 2534 patre

9 2605 10 2608 Ἴ
39 2529 192 2597 habebitis.
237 2533 317 2612 Quis
340 2533 424 2596 enim
447 2531 488 2594 ad
511 2553 584 2594 eum
611 2531 752 2615 confugit
779 2541 810 2595 et
834 2533 1045 2617 patrocinium
1071 2555 1137 2596 non

9 2615 10 2680 ζ
38 2617 172 2680 invenit?
228 2618 308 2697 Quis
338 2639 467 2680 suorum
499 2613 626 2680 auxiliis
656 2615 851 2698 destitutus,
876 2637 934 2701 per
966 2639 1038 2681 eum
1071 2619 1136 2681 suis

38 2721 90 2763 non
110 2702 271 2766 restitutus
296 2699 385 2764 fuit?

264 2823 309 2885 12.
353 2821 515 2884 Promotio
537 2820 686 2904 Hugonis
708 2822 741 2883 in
762 2843 904 2905 regnum.

107 2924 180 2988 Hac
209 2924 364 2988 sententia
385 2921 586 3008 promulgata
607 2933 638 2987 et
664 2924 704 2988 ab
728 2923 874 2988 omnibus
901 2922 1039 3004 laudata,
1069 2923 1136 2988 dux

38 3010 166 3071 omnium
193 3030 350 3073 consensu
370 3009 402 3070 in
424 3028 559 3091 regnum
581 3016 795 3105 promovetur,
825 3017 856 3070 et
876 3029 935 3093 per
955 3007 1135 3153 metropoli-

36 3100 133 3154 tanum
155 3091 295 3178 aliosque
324 3093 492 3176 episcopos
514 3090 664 3154 Nomomr
693 3100 859 3154 coronatus
867 3139 875 3171 ,
907 3090 1022 3173 Gallis,
1081 3092 1136 3157 rit-

36 3177 144 3255 lannis,
179 3176 313 3258 Dahisss,
342 3174 529 3262 Aquitanis,
559 3173 687 3256 Gothis,
716 3174 878 3259 Hispanis,
907 3174 1133 3258 Wasconibus,

34 3272 99 3320 renc
131 3259 231 3324 Kal.d
262 3261 355 3324 Iun.4
391 3268 587 3344 prerogatur.
642 3257 785 3343 Stipatus
820 3258 927 3342 itaque
962 3279 1134 3342 regnorum

33 3343 239 3429 principibus,
281 3366 369 3407 more
407 3344 495 3428 regio
531 3342 678 3408 decretae
714 3341 810 3405 fecitf
841 3340 990 3426 legesque
1026 3341 1133 3404 condi-

33 3423 83 3507 dit3
109 3428 194 3491 felici
222 3449 371 3491 successu
398 3427 505 3490 omnia
536 3427 685 3490 ordinans
717 3435 812 3510 atque
840 3424 1039 3488 distribuens.
1088 3424 1133 3490 Et

33 3519 59 3572 ut
77 3511 265 3576 beatitudini
287 3533 361 3576 suae
382 3511 596 3597 responderet,
622 3507 720 3574 multo
754 3529 902 3572 successu
928 3519 1057 3571 1911111
1086 3531 1132 3572 se·

33 3597 196 3660 cundarum
217 3595 349 3678 levatus,
371 3594 412 3660 ad
426 3594 558 3660 multam
572 3595 723 3680 pietatem
737 3591 880 3658 intendit.
916 3592 1045 3679 thuell
1060 3601 1134 3678 post

80 3759 101 3809 a)
115 3761 267 3809 imperatores
284 3781 310 3789 -
326 3760 474 3809 precipitatos
491 3759 511 3800 1.
586 3755 610 3808 b)
626 3758 650 3796 10
666 3767 733 3806 maro.
748 3757 850 3805 scriptum
865 3756 910 3795 0119
925 3767 992 3796 manu
1007 3757 1063 3797 deus
1080 3767 1133 3806 pro·

30 3816 89 3862 pitius
104 3824 162 3859 9910.
222 3815 243 3870 9)
257 3819 286 3858 ab
301 3818 406 3859 omnibus
421 3819 471 3858 aaa.
488 3820 508 3857 1.
573 3814 596 3866 d)
613 3816 665 3855 Kal.
681 3817 732 3857 Iun.
749 3815 833 3855 101090
849 3827 916 3854 vocuo
931 3816 1003 3855 relicto
1017 3821 1065 3866 post
1081 3817 1131 3857 add.

31 3874 47 3922 e)
60 3877 162 3919 19919119
177 3889 234 3920 corr.
251 3879 351 3918 decreta.
408 3876 426 3928 1)
442 3877 505 3918 dedit
518 3877 537 3917 1.
599 3873 622 3926 g)
635 3879 694 3924 port.
711 3875 758 3915 011.
821 3872 844 3925 h)
861 3875 988 3924 adoperuit
1003 3879 1131 3915 atramento.

94 3989 121 4056 1)
141 3993 275 4043 Ducatum
293 3992 425 4043 inferioris
448 3991 637 4054 Lotharingiae
661 4005 678 4039 a
701 4005 765 4054 rege
790 3989 954 4039 Theutonico
980 3992 1131 4054 acceperat.

30 4059 140 4124 1111101
160 4066 257 4116 dieitur
275 4065 331 4115 filia
351 4067 456 4116 comitis
475 4064 624 4115 Tracensis.
709 4063 736 4128 3)
756 4064 774 4113 i.
795 4077 818 4112 9.
838 4063 932 4121 Danis,
952 4061 1128 4110 Nortmanuis.

28 4133 51 4196 4)
75 4139 115 4188 De
141 4139 193 4190 hac
218 4138 271 4190 diei
302 4145 366 4189 nota
393 4143 453 4205 post
478 4137 571 4188 addita
597 4135 712 4186 dubitari
737 4140 838 4200 potest;
858 4134 923 4183 alibi
942 4133 1000 4182 dies
1019 4134 1045 4182 3.
1065 4131 1129 4182 Iulii

28 4207 168 4275 indicatur;
191 4212 225 4262 cf.
246 4212 421 4264 Giesebreeht
439 4211 457 4261 1.
479 4227 503 4261 c.
522 4229 549 4278 p.
568 4209 630 4261 848.
656 4237 690 4247 -
718 4208 815 4260 Olleris
840 4225 866 4274 p.
886 4205 948 4257 532.
974 4211 1000 4255 et
1024 4205 1129 4255 Mourin

28 4296 49 4344 p.
61 4284 121 4335 349.
140 4286 192 4336 hoc
210 4284 271 4336 loco
284 4285 345 4335 Kal.
359 4285 411 4336 Iul.
430 4283 573 4350 legendum
593 4298 651 4334 9999
673 4287 763 4332 901119
781 4279 861 4330 fidem
882 4278 982 4328 codicis
1002 4282 1128 4328 statuunt.

30 4352 53 4403 Si
76 4374 137 4410 vero
162 4358 322 4409 Laudunum
347 4359 399 4409 hoo
419 4375 488 4409 anno
509 4364 614 4424 captum
635 4361 661 4406 et
680 4356 714 4406 ab
733 4355 848 4418 Hugone
867 4356 969 4402 9991919
989 4351 1128 4404 obsessum

27 4432 118 4483 statuas
138 4430 216 4499 (inira
235 4449 262 4499 p.
284 4433 335 4482 137
354 4448 380 4485 n.
404 4430 447 4500 1),
468 4437 541 4483 99119
556 4429 617 4481 Κ91.
636 4430 708 4479 Iunii
726 4425 916 4495 praeferendae
934 4431 1003 4477 sunt.
