2938 5016
284 381 439 434 mensal
458 381 710 435 HISTORIARUM
729 383 841 434 LIBER
860 383 896 434 ΙΙ.
1122 384 1156 434 7⁶

117 551 165 615 72.
197 550 396 636 Responsio³
418 549 556 612 Μιιιίιιὶἃ
578 549 764 613 Romanae⁸
785 549 892 614 sedisa
914 549 1080 635 legati³·¹³.
1164 566 1215 613 ιιι.

121 652 173 717 Ad
194 651 275 717 haec
296 650 432 716 domnus
454 651 607 734 Marinus,
627 661 756 716 sanctae
778 651 942 717 Romanae
964 653 1049 718 sedis
1070 653 1154 718 vica-

49 737 120 800 rius:
153 735 316 821 ‘Optime’,
344 736 456 821 inquit,
487 742 591 821 ‘atque
613 734 731 800 utiliter
756 734 854 800 frater
882 757 921 800 ac
942 738 1154 822 coepiscopus

50 819 210 884 Rotbertus
232 842 339 884 rerum
366 820 481 884 seriem
510 820 619 883 tenuit.
667 820 796 883 Etenim
825 839 898 883 cum
920 820 1044 885 divinas
1066 820 1154 906 leges

49 901 184 968 humanis
220 903 443 989 proponendas
479 904 548 988 ipse
587 913 773 988 pernoscat,
811 903 1012 969 considerata
1046 913 1154 971 tamen

49 1009 142 1051 rerum
174 989 311 1070 fortuna,
344 988 472 1072 regiae⁰
504 987 729 1051 dominationis
764 988 935 1072 imperium
966 998 1039 1053 ante
1071 989 1155 1053 dixit

48 1071 291 1154 restaurandum,
313 1081 356 1156 ut,
374 1073 442 1135 eius
456 1072 488 1135 vi
514 1093 567 1135 ore
582 1071 717 1150 firmato,
732 1072 864 1157 eiusque
878 1074 1022 1170 potentia
1035 1072 1154 1136 utiliter

48 1158 190 1238 restituta,
214 1157 283 1220 eius
304 1164 377 1241 post
397 1091 587 1219 liberalitate
608 1154 812 1220 ecclesiarum
834 1156 898 1219 Der
922 1155 1024 1220 honor
1045 1177 1153 1220 conse-

49 1250 170 1322 quenter
192 1244 378 1322 *recrescat3
400 1241 468 1302 eius
490 1240 668 1323 patrocinio
689 1249 812 1324 agente,
845 1240 947 1303 virtus
969 1241 1061 1305 bonis
1083 1241 1264 1326 qui-nan.

48 1320 160 1410 busque
175 1323 295 1390 redeat.
340 1322 435 1404 Quod
450 1331 485 1386 ut
499 1323 571 1387 Deo
586 1333 745 1387 annuente
766 1323 835 1388 fieri
858 1335 962 1409 queat,
985 1324 1155 1410 inprimis(l

48 1408 196 1472 audienda
218 1418 314 1494 atque
337 1408 553 1472 strenuissime
568 1406 769 1492 disponenda
783 1407 910 1472 videtur
931 1429 1027 1472 eausa
1044 1408 1154 1472 domni

49 1511 80 1555 ac
110 1493 305 1556 serenissimi
329 1494 433 1577 regis,
460 1492 486 1554 si
518 1491 552 1555 id
606 1513 712 1577 uoque
740 1493 839 1556 vestri
867 1491 978 1555 iudicii
1007 1494 1154 1577 paciatur

49 1579 188 1640 censura'.
234 1575 383 1660 Synodus
405 1574 502 1638 dixit:
525 1514 711 1639 ‘Audiaturl

70 1697 114 1761 73.
147 1695 362 1782 Conquestioe
384 1694 560 1759 Ludovicie
583 1697 689 1781 regise
712 1694 799 1780 apud
822 1693 973 1760 Ottonem
994 1708 1125 1780 regem⁰

414 1789 446 1844 et
466 1779 634 1844 sinodum0
656 1781 775 1865 regnis.

121 1883 214 1946 Tunc
238 1904 297 1946 rex
323 1881 507 1946 Ludovieus
535 1881 594 1946 abl
619 1880 747 1946 Ottonis
776 1883 860 1968 regis
885 1882 983 1947 latere
1010 1904 1153 1968 surgens,

49 1965 149 2031 stando
172 1967 326 2054 conqueri
338 1965 572 2030 modestissime
587 1967 725 2051 petebat.
759 1967 803 2032 At
824 1977 954 2052 rogatus
970 1965 1011 2032 ab
1031 1965 1153 2048 sinodo,

48 2050 220 2115 huiusmodi
242 2050 384 2114 residens
406 2048 517 2114 effudit
544 2049 742 2136 querelam¹:
785 2051 942 2135 ‘Quant0'‚
975 2052 1153 2149 inquiensss,

50 2133 202 2220 ‘Hugonis
223 2135 376 2198 instinctu
404 2144 586 2220 quantoque
609 2136 676 2198 eius
705 2133 846 2220 impulsu
872 2156 1023 2221 conqueri
1046 2155 1153 2218 cogor,

49 2221 125 2282 testis
147 2227 197 2284 est
217 2217 280 2300 ille,
308 2220 398 2282 cuius
426 2219 530 2317 gratia
554 2240 614 2282 vos
642 2217 694 2281 hic
722 2229 932 2304 congregatos
963 2216 1059 2302 paulo
1080 2225 1154 2280 ante

49 2300 170 2367 relatum
193 2313 251 2367 est.
295 2303 391 2366 Pater
412 2323 491 2384 erus,
513 2311 549 2365 ut
570 2326 590 2366 a
610 2303 769 2387 principio
791 2302 949 2382 exordiar,
976 2302 1059 2384 patri
1081 2320 1153 2363 meo

49 2407 171 2470 regnum
194 2387 349 2468 invidens,
373 2385 449 2449 dum
472 2387 502 2449 ei
523 2385 610 2450 domi
625 2386 819 2472 militiaeque
834 2386 998 2450 servitium
1014 2381 1153 2466 deberet,

49 2491 134 2554 regno
169 2469 260 2535 illum
293 2470 474 2534 immaniter
506 2471 644 2556 privavit
676 2472 727 2536 etl
760 2491 861 2556 usque
893 2468 935 2532 ad
966 2469 1050 2534 vitae
1084 2469 1152 2532 eius

50 2556 209 2639 supremah
232 2553 414 2641 ergastuloh
435 2553 614 2618 inclusumh
636 2555 807 2619 servavitl.
846 2553 899 2618 Me
920 2574 996 2618 vero
1015 2573 1152 2638 parvum

49 2636 77 2698 in
88 2637 238 2702 fasciculo
252 2639 421 2723 farraginis
437 2649 479 2702 ass
493 2639 572 2702 meis
584 2650 599 2692 Β
613 2637 858 2717 dissimulatum,
880 2640 914 2702 in
952 2645 1036 2702 artes
1051 2646 1152 2701 trans·

50 2725 177 2787 marinas
200 2733 232 2787 et
253 2744 353 2808 prope
375 2723 408 2785 in
429 2722 537 2786 Rifeos
559 2722 686 2808 fugerei
717 2721 879 2808 compulit.
928 2661 1025 2786 l'atre
1047 2730 1154 2786 autem

50 2807 204 2871 extinctos
220 2816 251 2872 et
266 2829 317 2870 me
332 2808 365 2869 in
382 2805 514 2870 exilium
529 2805 705 2891 deportato,
721 2808 790 2888 iste,
810 2828 882 2870 curn
898 2806 1155 2870 reminisceretur

50 2891 91 2952 sui
110 2892 220 2976 patris,
249 2891 290 2956 0b
312 2889 514 2955 insolentiam
542 2891 707 2972 interfecti,
737 2891 828 2976 regni
853 2913 964 2955 curam
993 2890 1154 2974 suscipere

49 2972 239 3039 formidabat.
283 2973 402 3038 Nobis¹
431 2975 538 3072 itaque
568 2973 732 3056 invidens,
754 2973 957 3038 Rodulfumm
985 2973 1153 3060 promovit.

51 3057 106 3121 Sed
120 3059 281 3123 Divinitas
302 3080 353 3122 res
368 3057 451 3122 illius
467 3067 549 3122 sicut
563 3068 594 3122 et
609 3067 715 3123 cetera
729 3059 953 3140 determinans,
977 3061 1007 3123 ei
1026 3055 1154 3144 quando

49 3140 139 3206 voluit
169 3142 267 3222 finem
295 3141 452 3227 regnandi
479 3141 576 3206 dedit.
627 3142 716 3206 Dum
744 3143 821 3207 item
849 3163 984 3226 regnum
1016 3150 1154 3223 vacaret,

49 3226 169 3291 consilio
192 3227 350 3291 bonorum
373 3247 425 3290 me
452 3225 637 3311 apartibus
663 3227 840 3312 peregrinis
862 3225 1044 3289 exulantem
1065 3245 1155 3288 revo-

49 3312 123 3374 cavit
143 3332 182 3374 ac
203 3311 346 3374 omnium
369 3310 551 3375 conibentia
571 3311 605 3374 in
626 3333 759 3396 regnum
781 3310 951 3394 promovit,
973 3306 1051 3371 nihil
1076 3306 1155 3369 mihi

49 3404 143 3474 preter
156 3393 350 3459 Laudunum
364 3393 554 3480 relinquens.
580 3396 812 3480 Promotusque
828 3414 901 3455 oum
924 3413 962 3455 ea
977 3412 1059 3477 quae
1073 3391 1155 3474 regii

48 3475 116 3542 iuris
150 3476 343 3543 uidebantur
377 3491 520 3562 repetere
558 3479 685 3560 niterer,
720 3477 754 3541 id
790 3476 987 3541 invidissime
1022 3473 1154 3540 ferebat.

48 3556 156 3626 l‘actus
179 3584 255 3648 ergo
277 3561 411 3626 latenter
432 3561 645 3643 adversarius,
671 3563 802 3644 amicos,
825 3561 955 3647 siquos
984 3558 1153 3641 habebam,

49 3647 183 3724 pecuniis
205 3646 420 3728 subvertebat,
447 3646 595 3711 inimicos
623 3647 658 3709 in
688 3643 797 3709 odium
824 3644 962 3731 amplius
990 3642 1153 3708 incitabat.

48 3725 193 3812 Tandem,
216 3740 349 3815 urgente
370 3729 502 3811 invidia,
525 3728 613 3816 apud
633 3729 753 3815 piratas
784 3752 801 3815 e
826 3730 860 3811 it,
886 3739 922 3793 ut
949 3727 990 3793 ab
1013 3729 1059 3793 eis
1081 3725 1155 3792 dolo

49 3830 184 3896 eaperer3
211 3835 347 3899 regnum
375 3815 410 3877 in
439 3837 473 3879 se
494 3835 588 3912 posse
616 3813 744 3878 refundi
768 3751 936 3896 arbitrans,
966 3814 993 3876 si
1021 3811 1056 3876 id
1085 3810 1155 3874 fieri

49 3898 234 3983 contigisset.
288 3897 356 3962 Nec
376 3896 477 3963 defuit
497 3898 622 3962 insidiis
643 3897 784 3963 effectus.
836 3895 958 3982 Captus
979 3895 1026 3959 fui
1049 3915 1155 3959 carce·

100 4025 121 4076 a)
145 4027 236 4076 penato,
261 4025 294 4076 ul,
319 4024 361 4076 Ro,
384 4024 453 4075 sedis,
475 4025 493 4063 n
516 4025 572 4064 abac.
648 4021 671 4074 b)
694 4024 776 4064 vtearll
801 4025 821 4064 1.
897 4020 918 4072 e)
935 4027 988 4076 regg
1002 4031 1060 4060 corr.
1084 4019 1157 4076 regis.

49 4081 69 4130 d)
83 4088 131 4124 ratu
142 4084 170 4138 (t)
188 4087 211 4125 dl
227 4083 318 4124 scribere
333 4087 435 4132 coeptum.
489 4081 511 4134 e)
521 4084 587 4133 catio,
595 4083 624 4134 ol,
633 4083 703 4134 regis,
711 4094 764 4132 gam
774 4087 804 4134 et,
815 4093 845 4134 m,
854 4083 862 4121 l
871 4081 926 4120 abac.
981 4077 998 4130 t)
1015 4089 1029 4118 a
1040 4079 1058 4119 l.
1068 4077 1094 4121 0.
1106 4089 1124 4116 r.
1135 4080 1155 4118 1.

50 4137 68 4188 s)
81 4149 128 4190 poet
142 4145 192 4184 aad.
268 4140 292 4193 h)
314 4145 337 4182 et
354 4163 379 4172 -
395 4141 496 4182 servavit
510 4142 535 4181 ta
549 4152 624 4192 orara,
641 4151 685 4192 rna,
702 4152 715 4181 ο
731 4142 803 4192 lucin,
818 4141 881 4180 vavlt
896 4139 952 4180 abac.
1027 4133 1045 4187 t)
1061 4136 1117 4185 suga
1135 4139 1156 4178 1.

51 4196 70 4248 k)
86 4206 149 4252 rapto
165 4206 184 4244 1.
246 4201 264 4253 1)
281 4200 320 4240 del.
337 4201 563 4250 supercrescentem.
623 4198 655 4251 ιιι)
672 4201 744 4240 altum
762 4203 783 4240 1.

117 4295 143 4359 1)
170 4297 211 4348 cf.
237 4294 381 4346 Flodoard.
405 4312 431 4348 a.
454 4295 517 4360 948,
542 4313 568 4362 p.
589 4295 652 4348 396.
701 4296 800 4363 Aperte
823 4293 893 4345 falsa
917 4308 934 4343 a
955 4291 1071 4343 Bichsro
1097 4291 1157 4357 regi

50 4364 223 4425 obtruduntur.
