2936 5010
268 557 318 600 m.

208 2919 254 2975 η).
271 2923 321 2966 sss.
331 2925 390 2967 rex
420 2903 587 2989 Stampas²
616 2904 710 2988 adiit,
739 2906 825 2970 *dux
853 2929 929 2971 vero
960 2930 979 2971 a

331 375 382 426 111
596 373 749 426 RIOHERI
768 373 1022 427 fflsuomsami
1039 373 1152 427 mnus
1172 375 1225 428 111.

602 543 651 608 73.
695 542 829 608 Oratio·
851 541 978 608 Ottonis
999 542 1063 608 ad·
1084 564 1167 608 suos.

414 645 496 710 ‘Non
516 644 557 710 ab
580 667 624 727 re,
646 644 707 708 viri
729 643 816 726 olari,
837 644 901 708 buc
920 665 979 709 vos
1002 646 1188 711 convenisse
1202 642 1303 710 volui.
1339 643 1442 708 Virtus

328 739 436 795 vestra
457 730 618 816 suggessit
631 751 651 794 a
665 728 756 794 vobis
773 727 940 793 consilium
955 751 996 796 ex
1021 739 1115 811 etere,
1138 751 1216 816 quos
1234 738 1269 794 et
1283 729 1441 814 ingenium

329 813 459 880 decorat
479 825 511 880 et
532 814 630 878 animi
650 813 750 878 virtus
771 813 930 878 informat.
1004 835 1040 878 ec
1066 813 1212 880 dubitavi
1237 835 1293 877 me
1324 833 1441 896 suscep-

329 908 436 964 turum
458 919 477 962 a
498 898 589 964 vobis
611 898 723 984 optimi
745 895 868 960 consilii
896 897 1065 980 rationem,
1094 920 1168 963 cum
1189 898 1231 964 ab
1254 898 1365 962 animo
1386 918 1440 959 non

329 983 516 1064 excesserit,
546 991 663 1069 quanto
691 981 814 1064 animo,
847 993 966 1068 quanta
992 983 1109 1047 virtute
1136 983 1170 1046 in
1199 982 1264 1047 fide
1296 981 1441 1044 hactenus

328 1066 519 1154 perstitistis.
562 1065 744 1147 Antehac,
771 1065 852 1130 virib
875 1064 1051 1149 clarissimi,
1080 1067 1201 1154 ingenti
1226 1067 1371 1131 virtutec
1391 1085 1440 1162 pro

329 1152 478 1299 egregiae
505 1149 609 1216 laudis
638 1149 756 1214 honore
784 1159 816 1214 81
841 1147 944 1249 gloria
965 1152 1132 1236 sategistis,
1162 1173 1236 1215 cum
1260 1159 1295 1216 et
1317 1145 1439 1214 consrlio

329 1237 406 1300 cari
429 1244 460 1300 et
480 1232 564 1298 bello
585 1234 697 1300 invicti
718 1235 886 1298 enituistis.
928 1233 1023 1299 Nunc
1045 1257 1172 1322 quoque
1194 1234 1312 1300 eadem
1335 1235 1440 1296 virtute

328 1318 494 1384 nitendum
516 1329 572 1400 est,
594 1340 634 1383 ne
649 1317 736 1382 laudi
751 1320 898 1404 egregiae
913 1329 963 1384 tur
989 1320 1015 1384 is
1030 1319 1162 1384 infamia
1176 1319 1340 1384 succedat.
1376 1316 1439 1379 Eni-

328 1403 432 1470 timini
455 1403 553 1490 ergo‘¹
575 1424 632 1504 pro
654 1400 786 1486 viribus,
809 1411 841 1466 et
862 1404 889 1467 si
911 1341 989 1490 quid
1010 1403 1175 1469 dedecoris
1196 1401 1439 1481 contraxistis,a

328 1497 419 1553 tanta
440 1485 627 1552 claritudine
649 1487 834 1552 amoveatis.
878 1487 951 1551 Non
979 1509 1038 1553 vos
1067 1486 1160 1570 latet,
1187 1487 1288 1574 fugae
1314 1484 1438 1571 ignomi-

328 1573 416 1636 niam
446 1593 465 1636 a
493 1570 643 1637 Lothario
671 1593 773 1657 nuper
801 1593 859 1636 nos
887 1571 1062 1658 pertulisse.
1114 1572 1221 1653 Quam
1249 1593 1319 1636 non
1348 1567 1438 1633 solum

328 1654 426 1738 bello,
460 1655 517 1720 sed
544 1658 639 1721 etiam
664 1665 765 1721 morte
790 1678 824 1720 re
849 1654 973 1740 ellere⁶,
1005 1666 1036 1722 et
1059 1665 1198 1722 vestram
1225 1653 1436 1720 claritudinem

330 1741 430 1822 decet,
452 1747 484 1804 et
504 1747 629 1826 tempus
645 1739 800 1826 exposcit,
822 1677 955 1805 11881188
970 1741 1065 1805 etiam
1079 1739 1261 1827 persuadet.
1302 1738 1339 1804 Si
1353 1738 1437 1821 igitur

328 1823 431 1909 magis
453 1823 610 1909 imperare
632 1845 728 1910 quam
749 1825 866 1890 servire
888 1826 991 1911 parati
1013 1826 1087 1890 estis
1102 1836 1121 1906 ¹,
1150 1824 1226 1889 dum
1248 1833 1341 1890 aetas
1364 1822 1437 1904 viget

329 1907 454 1972 animus
479 1929 518 1971 ue
540 1905 632 1990 velet,
655 1907 715 1971 hoc
737 1907 860 1972 fucinus
882 1931 922 1974 ne
944 1909 1192 1995 parvipendatis.
1234 1906 1365 1995 Ingenti
1385 1903 1435 1966 vir-

329 2001 396 2056 tuto
423 2014 440 2056 e
477 1993 547 2074 cite,
577 2000 613 2056 ut
640 1991 708 2056 sitis
736 1991 912 2076 formidini,
946 1992 1061 2079 quibus
1094 1991 1252 2078 ignobiles
1281 2003 1315 2058 et
1336 1987 1453 2074 uulgus¹

328 2075 452 2141 fuistis'.
496 2075 567 2140 Hac
590 2075 745 2141 sententia
765 2075 799 2141 id
820 2076 889 2141 fieri
911 2075 1058 2141 omnibus
1080 2099 1270 2164 persuasum
1294 2083 1350 2142 est.
1452 2129 1453 2176 ,

623 2216 672 2280 74.
716 2214 908 2302 Equitatusf
927 2216 960 2279 in
983 2213 1151 2280 Gauiams.

413 2317 540 2382 Interea
569 2317 646 2384 Otto
676 2339 749 2381 cum
774 2318 880 2382 30000
906 2317 1049 2404 equitum
1078 2319 1112 2381 in
1134 2315 1256 2382 Gallias
1286 2317 1332 2381 ire
1379 2330 1432 2375 ara·

329 2401 393 2467 bat.
453 2401 520 2466 Nec
548 2411 690 2466 moratus
724 2401 886 2502 premissis
914 2403 1152 2468 centurionibus
1179 2400 1257 2468 ibat.
1312 2335 1432 2465 Gallam

333 2484 516 2550 Celticumh
546 2487 689 2551 exercitu
728 2485 881 2572 rmplevit.
955 2487 1061 2567 Quam
1098 2487 1215 2573 partim
1256 2481 1431 2556 combussit,

332 2569 448 2654 partim
484 2567 694 2655 depopulatus
734 2582 791 2634 est.
860 2569 914 2634 Sic
954 2571 1050 2636 etiarn
1088 2593 1181 2636 versa
1223 2571 1296 2636 vice
1334 2562 1431 2653 Lotha·

331 2653 415 2715 rium
446 2651 625 2738 adurgens,
659 2675 697 2718 eo
730 2653 816 2740 quod
849 2652 985 2720 militum
1021 2655 1148 2742 copiam
1182 2676 1248 2720 non
1286 2653 1429 2720 habent,

330 2734 464 2799 fluvium
497 2735 679 2823 Sequanam
715 2739 850 2804 transire
887 2737 1040 2825 compulit
1078 2749 1109 2804 81
1140 2737 1375 2824 gemebundum
1398 2727 1430 2793 ud

332 2820 446 2886 ducem
468 2820 514 2883 ire
536 2821 650 2907 coegit.
693 2821 828 2888 Turbati
849 2845 925 2908 ergo
947 2824 1111 2972 repentino
1138 2824 1279 2887 hostium
1300 2819 1428 2890 adventu

1030 2906 1243 2993 colligendum
1272 2902 1428 2973 exercitum

331 2987 447 3053 Parisii
468 2988 593 3053 resedit.
636 2989 723 3054 Dum
746 2990 825 3056 haec
847 3001 993 3076 aguntur,
1017 2991 1093 3058 Otto
1116 3013 1190 3057 eum
1211 2992 1355 3056 exercitu
1372 3001 1428 3070 pr0·

289 3089 293 3098 ·
332 3081 424 3222 perat
453 3071 628 3160 fiscumque
657 3097 690 3139 re
715 3075 780 3138 'um
807 3074 990 3140 Atiniacum
1019 3076 1128 3162 diripit
1155 3085 1188 3140 81
1210 3098 1251 3141 88
1280 3064 1426 3140 comburit·

363 3168 376 3223 t
395 3178 454 3243 per
474 3156 553 3222 fines
575 3157 663 3222 urbis
714 3180 857 3223 emorum
879 3161 1046 3243 transiens,
1069 3167 1178 3225 sancto
1230 3159 1347 3246 emigio
1366 3144 1426 3215 mul·

332 3253 400 3309 tum
421 3241 573 3306 honorem
601 3241 754 3310 exhibuit.
804 3242 926 3308 Urbem
956 3265 1084 3332 quoque
1114 3244 1305 3310 Suessorum
1331 3243 1426 3327 preter·

370 3348 469 3408 essus,
491 3335 523 3391 81
543 3335 689 3390 sanctum
709 3325 899 3392 Medsrdum
919 3350 1085 3412 venerans,
1114 3328 1267 3415 palatium
1291 3327 1426 3421 Compess·

325 3441 327 3446 ·
355 3412 442 3476 leuse
477 3433 559 3496 pene
595 3410 655 3475 diri
680 3412 735 3474 uit.
792 3410 860 3476 Nec
897 3413 1002 3478 minus
1038 3413 1238 3478 centuriones
1275 3407 1371 3500 prevri
1397 3416 1425 3462 e0

331 3496 497 3580 ignorante
519 3504 647 3558 sanctae
693 3493 809 3559 altildis
832 3498 1059 3562 monasterium
1081 3497 1168 3584 apud
1183 3495 1300 3562 Ohelas
1319 3487 1425 3580 penitus

333 3578 525 3643 subruerunt
538 3587 633 3664 atque
648 3580 896 3645 combusserunt.
923 3581 1019 3664 Quod
1032 3604 1097 3647 non
1111 3580 1313 3646 mediocriter
1326 3571 1425 3670 d⁰lf³¹¹⁵'

332 3661 432 3726 multa
452 3663 487 3726 in
507 3663 575 3725 eius
595 3664 856 3730 restaurationem
878 3663 1046 3753 delegavit.
1085 3665 1229 3730 Tandem
1250 3665 1292 3730 ad
1313 3661 1425 3754 fluusum

335 3745 517 3831 Sequanam
543 3747 678 3810 accessit
703 3748 811 3834 ibique
832 3751 990 3816 exercitus
1018 3751 1153 3816 tentoria
1178 3749 1263 3831 fixit,
1289 3744 1425 3812 Pariorum

333 3830 367 3893 in
387 3849 463 3915 pros
488 3838 560 3893 ectu
581 3828 712 3913 habens,
743 3841 904 3920 totamque
932 3857 1014 3921 pene
1041 3836 1205 3921 regionem
1227 3827 1423 3920 pertriduum
1450 3889 1451 3892 ,

334 3913 439 4002 depop
474 3921 545 3978 atus
567 3923 624 3978 est.
675 3917 754 4003 (75).
787 3917 881 3984 Ibant
902 3941 977 4004 ergo
1001 3920 1122 4006 equites
1150 3940 1223 3982 cum
1244 3915 1317 3982 lixis
1336 3906 1424 4000 palan·
1450 3939 1451 3948 κ

393 4113 416 4168 8)
433 4115 459 4168 0,
476 4116 505 4157 sd
516 4115 572 4159 obss.
633 4113 656 4167 b)
672 4097 702 4158 uc
717 4129 734 4159 c.
803 4116 824 4170 8)
841 4129 861 4160 s.
877 4118 992 4168 sategistis
1010 4119 1029 4159 l.
1098 4115 1121 4170 d)
1133 4123 1184 4168 post
1200 4119 1251 4160 edd.
1322 4112 1342 4167 8)
1357 4111 1422 4150 11111·

335 4173 584 4287 qpquepqpeplendunst
608 4173 637 4228 1).
735 4173 866 4228 0118188.
955 4175 1127 4229 3)(18111881.
1217 4176 1241 4230 h)
1265 4177 1350 4220 11811188
1364 4177 1394 4209 e¹=
1408 4161 1423 4198 ¹¹

411 4362 438 4432 1)
457 4365 541 4433 magis
561 4395 594 4404 -
615 4368 1087 4434 88118881188118881888118,08111.
1108 4386 1131 4422 o.
1152 4369 1195 4422 20.
1263 4367 1291 4437 2)
1308 4367 1422 4424 1118111111
1449 4393 1450 4430 t
