2936 5010
334 401 385 452 1'10
568 399 721 453 monam
740 399 992 454 HISTORIARUM
1011 400 1123 452 LIBER
1142 401 1211 453 1111.

271 577 442 632 aaa.contra
463 575 590 652 patrum
611 565 739 632 decreta
761 589 822 654 sug
844 575 993 649 araretur,
1017 588 1143 632 cassum
1163 579 1195 634 et
1217 570 1338 634 irritum
1358 568 1428 651 fieri,

202 703 248 746 ‚m
257 644 321 746 ᾖ
332 653 423 716 iuxta
445 650 530 749 quod
551 649 713 736 apostolus
727 651 786 716 ait:
823 659 830 690 ‘
866 652 1017 716 creticum
1031 651 1191 716 hominem
1206 663 1239 718 et
1252 652 1293 718 ab
1308 652 1454 720 ecclesiar

272 732 278 756 ’
317 733 567 801 'dissentientem
611 737 736 820 penitus
772 735 897 800 devita’.
965 735 1034 800 Neo
1068 737 1173 800 minus
1208 725 1454 802 abdicationeml

332 818 455 884 Amulfi
476 827 508 883 et
528 820 761 904 promotionem
782 811 943 902 Gerberti,
965 830 1060 906 prout
1087 821 1128 886 ab
1150 821 1195 884 eis
1218 821 1375 886 ordinatae
1402 833 1430 885 et
1453 831 1454 834 ’

332 914 478 990 peractae
500 913 614 986 essent,
634 913 790 990 perpetuo
828 902 926 968 lacuit
940 905 1066 985 sanciri,
1088 906 1179 968 iuxta
1195 905 1282 990 quod
1302 907 1335 968 in
1348 927 1430 969 cano-

332 989 425 1054 nibus
439 987 594 1136 scriptum
609 985 757 1052 habetur:
787 926 918 1052 ‘dinodo
933 987 1120 1074 provinciali
1141 997 1295 1054 statutum
1315 1012 1334 1054 a
1354 988 1429 1054 nullo

332 1083 450 1138 temere
471 1070 502 1136 la
526 1069 743 1136 efactandum'.

472 1191 522 1256 90.
565 1191 725 1278 Impetus⁸
749 1191 871 1257 Odonis
893 1201 924 1258 et
943 1190 1095 1256 Falconis
1116 1193 1220 1257 inter·
1242 1203 1306 1258 set

272 1321 322 1364 aar.
416 1291 487 1357 Hac
510 1303 696 1380 tempestate
718 1291 800 1359 bella
821 1292 928 1359 civilia
949 1303 1096 1380 reparata
1117 1303 1199 1358 sunt.
1251 1293 1333 1359 Cum
1356 1293 1430 1358 enim

333 1377 528 1443 tirannorum
549 1377 671 1442 insidiis
694 1375 817 1442 Odonis
839 1387 871 1443 et
891 1377 1042 1442 Fuloonis
1071 1377 1110 1442 dc
1132 1378 1329 1443 Brittanniae
1355 1379 1430 1463 prin-

333 1463 440 1547 cipatu
450 1462 521 1525 rixa
532 1483 622 1528 resur
646 1471 720 1544 eret,
731 1459 792 1524 illis
804 1459 1030 1526 dissidentibus
1041 1461 1154 1547 reliqui
1166 1463 1262 1526 etiam
1272 1484 1430 1547 regnorum

332 1547 494 1632 principes
516 1547 593 1612 moti
639 1547 800 1612 'ssenscre
836 1545 907 1610 Rex
922 1545 1073 1610 Fulconis
1109 1556 1193 1610 artes
1213 1547 1344 1628 tutabat,
1367 1545 1430 1611 Odo

333 1652 462 1694 suorum
485 1651 609 1694 necnon
631 1641 662 1696 et
683 1632 873 1715 piratarum,
896 1631 952 1730 qui
973 1652 1047 1716 rege
1099 1639 1201 1694 eaerto
1223 1630 1266 1694 ad
1288 1653 1321 1696 se
1342 1639 1431 1694 nans-

332 1715 448 1796 ierant,
491 1715 786 1800 Auitanorumque
830 1715 930 1814 copiis
969 1713 1067 1778 fretus
1106 1713 1286 1780 incedebat.
1348 1713 1431 1778 Unde

333 1796 433 1862 Fulco
459 1800 492 1862 in
515 1736 662 1864 &donem
684 1819 778 1883 prece
803 1820 828 1880 s,
856 1821 923 1863 erus
946 1807 1063 1862 terram
1085 1797 1298 1883 depopulatur
1319 1807 1431 1883 etpost

332 1883 366 1944 in
388 1901 425 1944 ea
446 1883 531 1946 nonb
554 1879 664 1967 procul
685 1882 725 1946 ab
741 1820 819 1946 urbe
835 1881 994 1946 Turonica
1009 1881 1184 1968 oppidumc
1199 1883 1334 1947 exstruit
1347 1893 1431 1968 atque

333 1965 449 2046 munit;
473 1986 510 2028 co
536 1966 581 2030 ias
604 1967 709 2050 ponit3
735 1963 887 2030 militibus
909 1964 1036 2050 implet,
1066 1974 1097 2030 et
1119 1967 1194 2051 quia
1214 1965 1338 2030 adhoc
1359 1966 1430 2030 diru-

333 2048 450 2114 endum
474 1987 620 2116 Odonem
642 2049 852 2114 adventurum
874 2047 1037 2135 sperabat,
1063 2071 1097 2114 re
1121 2071 1172 2114 em
1194 2051 1298 2135 petiit,
1325 2047 1430 2112 auxilia

332 2131 566 2219 imploraturus.
611 2131 672 2198 Cui
694 2155 767 2198 cum
789 2155 847 2198 rex
873 2131 1028 2198 auxilium
1057 2153 1099 2220 po
1125 2134 1275 2215 'ceretur,
1307 2132 1430 2198 obstina-

217 2245 256 2300 ·p.
272 2220 411 2291 castiore
433 2220 539 2282 animo
571 2216 741 2282 ferebatur.
783 2217 913 2304 *Itaque
946 2219 1055 2304 copias
1082 2227 1191 2281 contra
1216 2217 1341 2282 hostem
1370 2237 1430 2280 con·

371 2324 499 2368 casurus
525 2313 626 2388 parat.
674 2301 859 2366 Exercitum
886 2299 1013 2386 colligit.
1060 2299 1248 2387 Bellumque
1271 2300 1376 2366 Odoni
1394 2301 1430 2362 in-

333 2325 419 2452 dicit.
463 2385 536 2452 Odo
565 2385 687 2472 pudore
715 2387 854 2467 tactusl,
884 2383 1024 2450 aGallis
1047 2384 1154 2469 Belgis
1184 2384 1326 2450 subsidia
1352 2383 1430 2470 petit.

335 2470 370 2536 Si
391 2471 505 2552 adsint,
527 2470 661 2556 gratiam
684 2491 753 2534 sese
774 2479 1089 2554 recompensaturum
1111 2469 1254 2554 spondet.
1297 2468 1347 2534 Illi
1367 2467 1431 2531 libe·

333 2553 440 2620 raliter
465 2563 609 2619 annuunt
637 2554 797 2639 fidemque
818 2553 947 2618 faciunt.
995 2552 1063 2618 Nec
1084 2554 1190 2617 minus
1211 2551 1430 2617 Flandrenses²

334 2639 467 2702 accersit
495 2638 535 2702 ab
563 2639 672 2724 eisque
693 2636 824 2703 tutelam
850 2638 958 2723 petiit,
986 2639 1090 2701 vicem
1112 2635 1281 2722 pollicens,
1309 2632 1431 2721 siquod

334 2722 416 2808 petit
436 2743 501 2785 non
522 2720 672 2788 abnuant.
714 2721 765 2785 Illi
783 2741 910 2808 quoque
924 2721 1031 2784 animo
1045 2719 1167 2787 liberali
1183 2723 1307 2808 quesita
1321 2740 1430 2784 accom—
1456 2745 1457 2754 ¹

334 2805 475 2869 modant.
528 2805 643 2868 Piretis
675 2807 771 2870 etiam
803 2805 923 2890 legatos
956 2805 1113 2889 dirigens,
1147 2806 1255 2890 copias
1287 2803 1348 2868 sibi
1377 2822 1430 2866 non

334 2911 374 2954 ne
399 2890 445 2953 ari
467 2888 621 2974 deposcit.
664 2889 805 2976 Tempus
828 2900 859 2954 et
880 2889 967 2954 locus
984 2889 1131 2954 omnibus
1150 2890 1358 2966 constituitur,
1378 2905 1429 2972 quo

336 2911 458 3038 codecti
481 2995 549 3038 sese
575 2972 747 3038 conferant.
793 2973 865 3039 Odo
892 2973 1019 3038 interim
1049 2994 1124 3037 suos
1153 2971 1275 3060 placat,
1309 2966 1431 3054 colligitf

336 3067 368 3124 et
398 3057 518 3122 incitat.
571 3057 734 3144 Ratusque
762 3055 878 3141 Belgas
911 3067 942 3122 et
973 3058 1092 3142 piratas
1119 3057 1339 3142 tempestivos,
1370 3073 1430 3117 cum

336 3162 466 3206 sucrum
494 3141 605 3227 paucis
637 3151 725 3207 tanta
752 3141 908 3207 eeleritate
934 3141 967 3204 in
995 3139 1170 3206 Fuleonem
1202 3140 1318 3222 fertur,
1349 3137 1430 3203 utin

336 3226 507 3291 certamine
528 3223 600 3312 plus
620 3225 704 3290 4000
725 3234 939 3325 pugnatorum
953 3245 1018 3288 non
1032 3224 1171 3290 haberet.
1209 3223 1322 3290 Castro
1340 3234 1430 3289 tamen

336 3310 535 3376 obsidionem
556 3309 686 3376 adhibet
706 3309 933 3395 armrferosque
957 3307 1107 3393 disponit.
1148 3308 1332 3374 Castrenses
1346 3303 1429 3370 multo

336 3402 452 3459 conatu
473 3393 615 3480 adurget.

383 3515 433 3579 91.
476 3513 625 3580 Fulconis
647 3512 856 3600 supplicatio&
877 3513 984 3600 apud&
1007 3511 1153 3577 Odonem
1174 3535 1233 3598 per
1252 3511 1397 3598 legatoss.

419 3615 521 3680 Fulco
553 3638 661 3702 regem
692 3625 868 3680 morantem
900 3637 962 3680 non
998 3613 1224 3680 auxiliaturum
1260 3625 1292 3680 et
1324 3608 1430 3680 Odonis

338 3701 514 3763 exercitum
537 3699 765 3766 intolerabilem
786 3708 883 3782 ratus,
904 3699 1077 3764 remissiori
1098 3721 1175 3764 mox
1193 3699 1299 3764 animo
1321 3696 1430 3761 habitus

339 3791 395 3848 est.
424 3784 537 3869 Itaque
552 3806 609 3909 per
622 3783 743 3869 legatos
760 3783 881 3850 Odonis
896 3783 1069 3848 amicitiam
1084 3785 1215 3869 expetit.
1246 3783 1309 3847 Pro
1325 3772 1431 3847 Conari

337 3868 466 3932 interitu
488 3867 548 3930 100
590 3867 696 3953 pondo
718 3869 840 3953 argenti
860 3889 928 3932 sese
948 3867 991 3930 im
1016 3889 1166 3932 ensurum
1186 3866 1325 3933 mandat.
1359 3863 1430 3926 Loco

337 3950 446 4016 militis
456 3950 612 4016 interfecti
623 3951 721 4015 filium
734 3975 826 4016 suum
837 3973 895 4038 pro
908 3973 945 4016 eo
957 3889 1164 4016 mditaturum
1176 3951 1277 4016 offert.
1299 3949 1430 4016 casnm

338 4044 519 4101 extructum
540 4036 575 4099 in
596 4038 662 4101 eius
684 4035 802 4101 honore
825 4057 893 4100 sese
916 4057 1099 4100 eversurum
1120 4045 1216 4121 atque
1237 4057 1257 4098 a
1285 4035 1349 4099 suis
1373 4047 1430 4119 evaj

337 4130 517 4203 cuaturum3
548 4141 617 4186 sese
640 4142 765 4207 quoque
788 4120 817 4184 ei
844 4128 956 4205 sponte
986 4119 1154 4184 militatum
1180 4121 1235 4201 ire,
1265 4119 1292 4182 si
1320 4116 1352 4181 id
1376 4129 1431 4193 regl

397 4281 420 4334 a)
436 4287 510 4335 petus,
525 4284 556 4334 in,
573 4293 598 4324 sc
613 4282 669 4323 abac.
729 4280 752 4334 b)
770 4293 792 4322 n.
810 4293 832 4333 p.
848 4283 872 4322 ta
888 4283 932 4322 loco
948 4293 1007 4324 raso.
1069 4280 1089 4332 o)
1107 4284 1207 4322 castrum
1215 4292 1321 4331 marcor.
1331 4273 1429 4328 oppinum·

340 4338 364 4391 d)
373 4344 388 4382 t.
396 4341 593 4390 Galloslegasl.
625 4339 947 4392 ewranorsnsesapmcru.
979 4339 1109 4392 f)poetodd.
1140 4329 1429 4392 g)pp11,apud‚egatosatac.

339 4397 363 4450 b)
379 4399 411 4438 ita
426 4399 449 4451 P,
465 4407 479 4442 o
494 4405 509 4450 p
524 4411 555 4449 o.;
571 4399 752 4450 qaidoatoaiflcct
760 4401 830 4440 occaso
846 4399 1069 4454 (fortaaacmllle'l);
1085 4405 1099 4442 c
1114 4397 1279 4452 (atPaertslcyit)
1296 4385 1431 4438 asenneus
