2938 5016
309 385 344 436 52
569 381 723 434 RIOHERI
742 380 995 434 HISTORIARUM
1013 379 1126 433 LIBER
1144 381 1183 432 11.

178 609 187 621 .
247 571 465 640 ornpcrsonao
487 549 651 616 nobilitate
679 548 861 616 adornetur.
910 547 1083 634 Hugonem
1108 549 1218 634 itaque
1247 570 1327 634 pene
1353 570 1406 612 om·

309 635 399 701 nium
421 633 602 700 conibentia
623 631 780 716 attollunt,
802 653 841 696 ac
863 631 981 698 Remos
1003 631 1186 715 deductum,
1216 633 1250 696 in
1272 630 1406 696 coenobio

309 718 538 785 monachorum
573 718 676 782 sancti
711 717 804 782 Remi
819 717 851 780 'ii
891 714 1172 801 metropolitanum
1212 713 1407 802 sollempniter

309 811 498 869 consecrant
517 809 550 865 at
573 823 613 868 ue
633 802 667 866 in
689 801 768 867 urbe
814 808 941 866 ecenter
956 809 1127 885 exceptum
1148 798 1248 865 multo
1273 798 1407 884 obsequio

309 910 348 954 ao
369 886 548 952 reverentia
593 895 736 950 onorant.
779 884 851 950 Rex
877 882 1077 968 inpartibus
1099 883 1306 968 Burgundios
1325 885 1407 948 viato-

309 993 380 1036 rum
407 968 508 1035 relatu
537 978 699 1056 patratum
726 969 891 1054 negotium
920 967 1100 1050 advertens,
1130 989 1207 1032 mox
1235 965 1407 1032 Laudunum

308 1055 433 1120 rediit1.
476 1051 657 1118 Arnoldum
679 1074 806 1140 quoque
828 1074 867 1116 ac
889 1053 958 1116 eius
980 1051 1108 1116 fratrem
1130 1050 1333 1133 Landricum,
1349 1072 1407 1136 pro·

310 1138 438 1205 ditionis
468 1135 678 1220 insimulatos,
710 1157 770 1202 nec
799 1146 907 1201 tamen
958 1137 1061 1200 enitus
1088 1137 1260 1220 convictos,
1291 1157 1359 1200 curn
1383 1135 1409 1196 in

309 1223 369 1288 hac
391 1245 426 1288 re
448 1221 680 1308 promptissimi
702 1219 895 1303 viderentur,
918 1157 959 1284 ah
982 1218 1061 1284 urbe
1083 1218 1215 1306 expulit.

401 1343 452 1408 26.
485 1342 557 1408 Rex
578 1343 612 1406 in'
633 1341 777 1428 partibus
799 1339 1006 1426 Burgundiae
1028 1340 1203 1404 exercitum
1226 1349 1335 1404 eontra

723 1426 865 1490 tirannos
888 1422 1016 1509 colligit.

395 1511 466 1575 Rex
503 1531 577 1574 oum
616 1509 662 1574 rei
694 1508 839 1574 militarie
877 1508 987 1594 inopia
1027 1517 1136 1572 contra
1171 1508 1314 1572 tirannos
1346 1502 1410 1569 nihil

311 1594 417 1660 moliri
430 1593 559 1672 valeret,
575 1591 795 1678 Burgundiam
809 1615 844 1657 re
870 1593 947 1674 ctiit,
962 1601 997 1654 ut
1011 1593 1188 1656 exereitum
1202 1591 1277 1656 inde
1289 1599 1410 1656 sumeret
1458 1625 1459 1628 =

311 1679 483 1764 Remisque
505 1675 679 1741 induceret.
723 1675 830 1742 Admo
853 1699 907 1740 um
937 1676 1054 1740 etenim
1083 1675 1117 1739 id
1143 1675 1359 1761 attemptabat,
1384 1681 1410 1734 ut
1458 1737 1459 1752 ,

311 1761 519 1826 Heribertum
546 1759 587 1824 ab
614 1758 694 1824 urbe
723 1782 859 1847 pervasa
885 1757 1025 1845 pelleret.
1075 1759 1164 1823 Dum
1186 1781 1264 1845 ergo
1286 1759 1319 1822 in
1341 1755 1410 1820 eolli-

191 1955 230 2010 ·p.
248 1958 300 2002 son.
310 1841 1142 2012 heahlldndlllhdlpluestuhnlohdlhafdicrecrdhlddhhdnshdem
1148 1843 1411 2014 IIpllbllitidllilsllaill

312 2013 503 2100 quibusdam
531 1950 694 2076 hahentes.
735 1949 837 2078 llaec
867 2012 943 2077 dum
972 2020 1119 2096 aguntur,
1148 2011 1191 2075 ad
1218 2012 1305 2096 regis
1333 2029 1411 2072 aures

310 2097 501 2183 tempestive
523 2094 674 2160 femintur.
720 2095 793 2176 Qui,
823 2097 958 2182 sumptis
985 2116 1065 2243 ‹puos
1093 2093 1316 2182 undecumque
1342 2091 1412 2157 colli-

310 2182 406 2268 gerel
428 2179 536 2262 valuit,
558 2180 592 2242 in
613 2200 734 2265 pagum
756 2180 970 2245 Porcensem²
1016 2180 1129 2244 evenit.
1173 2178 1241 2243 Ubi
1263 2200 1337 2242 curn
1356 2198 1411 2241 rem
1452 2246 1457 2266 1

309 2265 479 2330 militarem
495 2263 656 2329 ordinaret
670 2285 709 2328 ac
724 2263 868 2330 hostibus
883 2261 1001 2329 bellum
1016 2262 1132 2328 inferre
1144 2273 1282 2349 pararet,
1302 2259 1412 2339 tiranni,
1458 2337 1459 2342 ἵ

310 2350 476 2415 Lauduni*
505 2347 671 2414 obsidione
693 2345 811 2430 relicta,
834 2349 922 2413 inre
947 2369 997 2411 em
1019 2345 1150 2428 vadunt,
1172 2367 1210 2409 ao
1230 2347 1412 2432 insperatam

310 2433 497 2498 invadentes
519 2433 586 2496 eius
609 2434 794 2514 exercitum,
817 2453 903 2496 nonn
949 2452 983 2494 os
1011 2439 1164 2512 sternunt,
1191 2428 1330 2516 reliquos
1351 2447 1413 2493 vero
1455 2455 1456 2490 ς

310 2517 344 2579 in
375 2516 484 2600 fugam
515 2525 643 2600 cogunt.
696 2515 769 2579 Rex
798 2537 817 2578 a
847 2515 912 2579 suis
942 2513 1084 2597 eductus,
1113 2515 1171 2578 vix
1198 2535 1272 2578 cum
1303 2513 1413 2578 duobus
1454 2572 1456 2581 .

312 2599 500 2663 comitibus⁸
530 2599 596 2662 vim
625 2599 735 2662 mortis
769 2599 880 2680 evasit,
915 2596 1033 2684 oppido
1068 2598 1155 2684 quod
1186 2596 1281 2662 Altus
1313 2604 1413 2661 mons⁴
1458 2675 1459 2678 Ἴ

312 2682 429 2746 dicitur
451 2703 519 2746 sese
541 2681 709 2766 recipiens.
749 2683 882 2747 Tiranni
905 2704 962 2768 spe
984 2681 1175 2766 proditionis
1197 2681 1349 2764 frustrati,
1371 2678 1415 2744 ob-
1457 2757 1459 2764 „

312 2766 468 2830 sidionem
491 2762 618 2829 solvunt
638 2776 733 2852 atque
755 2767 789 2829 in
810 2787 868 2830 sua
890 2765 1069 2831 concedunt
1077 2777 1099 2829 ⁰.
1456 2800 1457 2804 =

189 2899 247 2946 ⁸101.
264 2904 300 2944 ro.
311 2885 362 2950 27.
385 2884 536 2949 *Tiranni
551 2907 570 2949 a
584 2907 672 2971 papa
692 2895 870 2968 monentur,
891 2908 932 2951 ne
953 2908 1061 2972 regem
1077 2908 1170 2950 suum
1185 2895 1415 2972 persequantur.
1454 2882 1459 2944 't

248 3008 301 3051 orn.
396 2987 522 3051 Interea
552 3010 571 3051 a
608 2987 725 3052 domno
763 2987 925 3074 Stephano
958 3009 1045 3074 papa
1073 2989 1124 3052 vir
1156 2987 1262 3052 clarus
1299 2986 1415 3052 nomine
1458 3011 1459 3018 ¹

311 3071 473 3136 Damasus
501 3069 625 3156 legatus
653 3072 686 3134 in
714 3070 835 3136 Gallias
864 3071 1002 3136 directus
1032 3081 1088 3154 est,
1118 3071 1315 3158 apostolicae
1344 3068 1415 3136 sedis
1456 3063 1459 3126 l

310 3154 430 3221 litteras
459 3153 605 3238 afferens,
631 3155 804 3220 iussionem
826 3154 1035 3240 apostolicam
1059 3157 1265 3238 continentes,
1289 3166 1326 3220 ut
1344 3154 1416 3240 prin·
1457 3151 1459 3186 ³

311 3241 341 3304 ci
366 3262 399 3304 es
421 3239 696 3324 provinciarum*
718 3261 828 3324 regem
850 3261 943 3302 suum
960 3238 1161 3304 Ludovioum
1190 3241 1336 3325 recipere
1363 3257 1416 3301 non
1458 3265 1459 3306 t

311 3262 474 3388 diderrent
493 3343 553 3388 nec
574 3321 681 3408 gladio
704 3322 787 3388 ultra
814 3322 920 3387 hostili
949 3345 1023 3387 eum
1051 3324 1302 3406 insectarentur3
1336 3319 1416 3388 etni
1458 3325 1459 3352 ³

310 3418 444 3489 cessent,
467 3405 678 3470 anathematis
700 3405 763 3471 telo
786 3428 896 3471 omnes
919 3427 987 3471 esse
1003 3405 1157 3493 figendos.
1192 3407 1299 3488 Quos
1326 3403 1416 3489 iscopi
1458 3477 1459 3498 ,

310 3492 439 3575 cognito
468 3491 641 3554 Remorum
671 3490 844 3572 dioceseos,
873 3491 907 3554 in
929 3512 1028 3554 unum
1050 3513 1128 3556 mox
1150 3493 1263 3574 coacti,
1293 3430 1333 3556 de
1354 3509 1417 3553 ane·
1458 3499 1459 3516 ¹

309 3573 448 3638 themate
469 3575 504 3636 in
525 3594 594 3637 sese
621 3570 769 3639 habendo
799 3574 861 3638 nisi
887 3575 1077 3660 resipiscant
1104 3573 1332 3640 vehementem
1358 3593 1417 3660 per·

310 3665 456 3722 tractant.
498 3654 689 3720 Mittendum
717 3659 801 3721 enirn
828 3657 869 3721 ad
892 3658 1097 3724 Heribertum
1125 3659 1302 3746 disponunt
1329 3669 1360 3725 et
1384 3653 1417 3718 ab
1453 3691 1458 3708 ⁴

310 3761 348 3816 eo
371 3737 557 3826 suppliciter
577 3739 760 3826 petendum,
792 3742 941 3841 quatinus
969 3742 1038 3829 ipse
1065 3742 1179 3807 ducem
1206 3743 1304 3809 adeat
1334 3751 1418 3826 atque
1454 3735 1457 3745 “

308 3822 397 3910 apud
418 3845 490 3888 eum
510 3844 569 3908 pro
591 3824 676 3909 regis
694 3835 874 3910 receptione
889 3835 973 3912 agat,
996 3826 1200 3892 ostendentes
1215 3824 1418 3893 anathematis
1455 3831 1456 3837 ’

383 3966 406 4036 ⁸)
427 3969 569 4023 Remorum
591 3970 615 4019 1.
688 3966 725 4036 ”J
744 3985 884 4037 regnorum
906 3971 931 4020 1.

308 4138 336 4178 m
368 4077 391 4178 al)
407 4078 475 4129 Hugo
491 4087 518 4118 ao
533 4077 668 4118 Hertbartus
685 4079 705 4120 1.
777 4077 801 4131 b)
818 4079 904 4128 collige
919 4090 936 4121 e.
1012 4079 1033 4131 o)
1049 4080 1181 4131 ttaeaeytata
1195 4091 1280 4123 erasus.
1349 4079 1372 4132 (1)
1387 4078 1420 4118 uti·

337 4148 400 4179 er.

385 4229 412 4295 1)
437 4232 514 4282 Haeo
540 4233 668 4284 Richoms
697 4231 846 4284 Flodoardi
873 4235 1020 4286 narrationi
1049 4233 1158 4284 adiecit.
1256 4234 1285 4300 2)
1316 4235 1421 4287 Poroien

310 4303 338 4354 in
358 4301 506 4370 Campania
525 4303 650 4372 (‘arrond.
670 4305 703 4356 de
723 4305 850 4373 Rethel').
934 4305 965 4373 3)
984 4305 1096 4360 Artoldo
1116 4306 1235 4373 episcopo
1255 4315 1281 4361 et
1301 4305 1420 4376 copario

310 4375 399 4426 comite
417 4375 495 4426 Flod.
570 4377 596 4452 4)
620 4379 725 4429 Omont.
