2936 5010
17 399 19 534 ,
267 386 419 438 RIOHERI
439 387 691 440 HISTORIARUM
709 388 820 440 LIBER
840 387 907 442 1111.
1099 391 1149 442 179

17 549 19 628 3
42 567 68 623 et
86 557 224 622 decretis
245 555 439 620 confidenter
460 555 613 637 astruxit,
641 554 719 620 nulii
740 554 801 620 hoc
822 555 1064 642 imponendum,
1086 559 1208 622 11111995·

17 639 19 728 l
42 653 87 706 aut
107 665 148 705 ex
171 641 306 704 erimine
327 641 483 721 convicto,
505 649 560 704 aut
580 649 655 725 post
674 641 874 704 vocationem
896 641 1004 704 venire
1018 641 1060 706 ud
1075 625 1208 706 con-¹¹¹¹*
1224 624 1246 665 ²’

17 741 19 798 ς
43 725 138 789 cilium
159 723 216 790 vel
236 726 391 789 rationem
413 723 666 808 contempnenti3
688 724 761 788 huic
782 745 883 810 penae
904 745 969 788 non
991 747 1058 790 sese
1078 748 1147 792 esse

17 807 20 904 Ι
43 810 223 890 obnoxium,
245 830 317 872 cum
339 808 409 893 ipse
424 809 520 871 etiem
533 807 711 894 prohibitus
732 810 902 874 accesserit
924 816 955 872 et
969 829 1044 872 cum
1062 809 1147 876 nullo

17 893 153 972 iadhuci
177 895 331 958 crimine³
353 891 517 956 convictus
545 892 595 956 sit.
647 890 811 956 Simulus
837 892 899 957 hoc
926 915 968 957 ex
995 889 1147 958 Africano

17 975 19 1068 3
43 989 67 1041 et
80 977 236 1042 Toletano
251 974 391 1041 conciliis
406 976 576 1041 asserebat.
614 973 733 1040 sedne
748 913 864 1040 domno
879 997 982 1062 papae
998 977 1148 1041 omninol

17 1079 19 1112 ³
42 1063 123 1126 reniti
143 1061 320 1142 videretur,
347 1081 367 1122 s
395 1061 565 1124 missarum
594 1058 804 1125 celebratione
833 1083 901 1125 sese
928 1061 1147 1125 cessaturumb

18 1149 19 1228 s
43 1147 190 1232 usquein
213 1145 362 1210 alteram⁰
385 1142 533 1208 sinodum
555 1143 736 1230 spopondit.
774 1143 836 1208 *Et
858 1145 965 1210 statim
986 1143 1035 1208 his
1055 1143 1147 1210 dictis

17 1233 19 1314 f
44 1252 154 1294 sessum
176 1231 299 1295 reversi
320 1238 421 1292 sunt¹.
475 1228 574 1315 (107).
619 1228 743 1308 Quibus
774 1229 1010 1294 considentibus
1031 1229 1147 1294 Virdu·

18 1373 19 1398 3
43 1317 137 1379 nensis
167 1315 342 1401 episcopus
363 1314 478 1377 iterum
506 1333 654 1398 surgens,
683 1334 720 1376 eo
747 1313 832 1398 quod
862 1312 965 1376 sinodi
992 1314 1276 1399 interpres'r01.ss¹.

43 1396 220 1480 habebatur,
243 1398 306 1462 edl
321 1395 399 1460 elios
421 1397 477 1484 qui
498 1397 723 1506 episcoporum
745 1395 874 1461 oonsilio
890 1419 954 1461 non
968 1397 1146 1479 inteffuere,

45 1482 81 1544 sio
101 1484 309 1547 concionatus
335 1483 395 1545 ait:
440 1481 628 1561 Quoniam,
655 1481 836 1566 inquiensi,
867 1479 954 1562 ‘hoc,
981 1480 1066 1545 unde
1095 1479 1146 1544 hic

44 1567 146 1649 atur,
170 1565 304 1632 diffiniri
325 1587 411 1629 nune
430 1585 494 1628 non
515 1574 629 1649 potest,
651 1586 688 1628 eo
711 1565 797 1650 quod
819 1565 1051 1630 controversiae
1072 1586 1146 1650 pars

18 1661 19 1668 ³
44 1588 129 1713 afilem
150 1651 279 1732 deficit,
300 1649 406 1734 placet
425 1647 475 1712 his
497 1648 621 1714 domnis
644 1649 818 1734 episcopis,
847 1646 996 1727 utvobis
1018 1647 1147 1713 demon·

19 1747 22 1792 ῑ
45 1741 155 1818 stretur,
178 1735 336 1822 presentis
358 1733 487 1796 rationis
509 1754 639 1796 causam
660 1733 694 1795 in
715 1731 801 1796 aliud
820 1742 946 1819 tempus
961 1732 1146 1798 transferen-

45 1815 120 1900 dam,
149 1829 186 1884 ut
214 1819 261 1884 ibi
288 1819 343 1904 qui
371 1816 516 1881 intendat
542 1813 573 1881 et
599 1817 653 1903 qui
679 1815 800 1882 refellat
821 1825 893 1880 ante
914 1815 1052 1882 iudicem
1074 1838 1146 1881 con-

19 1928 21 1988 5
46 1901 159 1984 sistant,
189 1913 241 1986 ut,
263 1899 459 1986 singulorum
480 1899 626 1986 partibus
648 1900 816 1982 discussis,
843 1901 924 1966 recti
944 1900 1055 1966 iudicii
1076 1923 1147 1986 pro-

18 2031 19 2034 *
46 1981 149 2050 feratur
164 1989 317 2052 censura’.
348 1986 412 2050 *Ab
429 1983 576 2050 omnibus
592 1985 792 2050 concediturf
805 1994 836 2050 et
849 1984 1004 2050 laudatur.
1041 1985 1147 2052 Desti-

19 2129 20 2144 ,
46 2077 125 2133 natur
146 2094 226 2158 ergo
247 2069 337 2134 locus
351 2070 459 2134 Remis
480 2069 567 2155 apud
589 2069 779 2134 coenobium
797 2069 1023 2133 monachorum
1046 2069 1146 2133 sancti

18 2199 19 2204 η
46 2149 187 2240 Remigii3
217 2165 344 2240 tempus
366 2176 493 2241 quoque
516 2153 566 2217 die
589 2154 618 2217 8.
641 2163 714 2238 post
741 2151 845 2217 natale
872 2153 974 2216 sancti
994 2151 1192 2224 Iohannis‘p.
1210 2173 1259 2216 est.

18 2243 20 2292 ζ
45 2231 191 2320 baptistae
200 2251 221 2304 ².
267 2237 391 2319 Quibus
413 2237 589 2302 constitutis
612 2245 643 2300 et
664 2235 766 2318 dictis,
793 2235 923 2300 sinodus
943 2233 1047 2299 soluta
1067 2244 1144 2299 ests.

621 2448 831 2456 -—--———·-—-—

117 2579 320 2665 *Temporel
343 2587 459 2642 statuto
476 2575 667 2642 Silvanecti³
689 2573 818 2638 sinodus
841 2571 1274 2660 episcopommcol-'f01.sr·.

19 2672 20 2680 ’
47 2653 114 2724 lecte
134 2677 199 2747 est,
231 2663 287 2728 ubi
315 2663 410 2728 etiam
439 2663 522 2726 inter
550 2659 741 2726 Gerbertum
768 2669 800 2724 et
820 2656 990 2722 Arnulfum
1018 2657 1207 2744 pressu-⁹⁹⁵·

48 2739 135 2810 taliter
166 2749 249 2812 ratio
282 2746 425 2810 discussa
456 2756 503 2810 est
539 2745 598 2810 sub
626 2745 785 2831 presentia
816 2742 934 2808 Leonis
960 2739 1086 2807 abbatis
1116 2751 1147 2808 et

49 2831 182 2896 monachi
204 2831 302 2916 legati
323 2829 520 2915 aliorumque
542 2850 638 2915 quem
658 2827 805 2914 plurium.

118 2914 227 2996 Beria,
256 2914 394 2981 Odonisi
421 2936 520 2995 uxor,
550 2935 679 2977 suerum
705 2935 810 2977 rerum
833 2911 1029 2977 defensorem
1050 2919 1146 2997 atque

49 2991 228 3066 advocatum
249 2999 438 3064 Rotbertum
459 3019 566 3083 regem
588 2997 721 3082 accepit.

153 3185 227 3233 intus
246 3197 337 3248 pavor,
357 3180 414 3232 dies
433 3195 465 3230 ec
484 3186 576 3230 noctes
595 3177 768 3229 reddiderunt
786 3171 953 3227 insomnesk.
983 3173 1148 3226 Solsvestre

155 3257 315 3318 auctoritas,
339 3260 518 3304 attentorum
537 3251 664 3303 melorum
683 3249 804 3300 levamen
822 3247 912 3311 fieret,
933 3252 1073 3314 expectata
1092 3253 1146 3310 est3

155 3345 225 3396 quae
244 3333 347 3380 tantem
365 3328 419 3378 vim
437 3327 535 3377 habere
562 3325 689 3386 creditur,
715 3328 745 3373 ut
766 3337 819 3372 non
837 3321 921 3372 solum
940 3321 1079 3383 Remensi,
1099 3320 1148 3371 sed

155 3405 237 3454 etium
258 3403 329 3452 omni
354 3400 486 3451 ecclesiae
507 3399 643 3450 Gallorum
670 3396 806 3447 desolatae
835 3401 861 3444 et
881 3411 950 3460 pene
976 3393 1010 3444 ed
1036 3393 1147 3444 nihilum

154 3476 297 3538 reductae,
322 3475 441 3525 subsidio
461 3489 519 3524 esse
538 3472 641 3535 valeam
662 3471 731 3536 quod
751 3469 898 3519 Divinitste
917 3469 1032 3535 propitio
1051 3483 1147 3534 expec-

154 3556 256 3612 tamus,
276 3555 304 3600 et
322 3554 351 3598 ut
369 3547 429 3610 fist,
448 3561 540 3598 omnes
558 3548 587 3596 in
606 3558 743 3596 commune
763 3542 883 3595 oramus’.

99 3682 119 3735 ι)
132 3692 183 3736 post
198 3686 249 3726 add.
309 3683 332 3736 b)
349 3695 368 3726 c.
386 3683 521 3734 spospondit
536 3693 559 3722 11.
575 3683 600 3722 in
615 3691 636 3720 s.
652 3693 670 3721 s.
680 3682 699 3721 i.
761 3677 782 3730 c)
799 3679 896 3720 altorem
912 3689 929 3720 c.
988 3675 1101 3729 (1)1111-
1117 3675 1150 3716 sit

51 3734 185 3791 ‘imperior-i
200 3757 268 3794 usuro.
284 3745 333 3785 aad.
351 3745 370 3785 i.
429 3741 451 3794 e)
467 3743 542 3792 inquit
558 3743 578 3782 1.
638 3739 688 3790 1)1.
705 3743 728 3780 ot
744 3741 803 3790 c.1¹
859 3737 969 3789 glicerio
984 3737 1052 3776 medic
1064 3736 1149 3786 pacina

51 3794 122 3844 decinit.
233 3803 258 3856 11)
286 3805 336 3842 hacc
357 3813 412 3852 quac
430 3813 472 3851 pro
486 3801 630 3850 fundamento
652 3800 723 3849 operis
746 3797 841 3848 esiacum·
864 3797 961 3837 iubenda
986 3808 1028 3836 esse
1049 3796 1149 3844 videniur

47 3852 109 3900 35⁷¹·
129 3865 236 3915 uruntur.
275 3860 293 3914 1)
310 3863 328 3902 0
346 3873 363 3903 c.
424 3858 449 3912 k)
465 3860 533 3900 illlnc
549 3860 564 3899 i.
576 3869 598 3907 g.
614 3862 636 3898 et
651 3859 667 3899 i.
683 3870 704 3908 p.
722 3858 743 3898 11.
760 3868 786 3897 sc
802 3869 825 3897 n.
842 3867 861 3897 r.
877 3857 993 3896 insomnes
1009 3855 1148 3894 decoctius.

114 3993 140 4063 1)
161 3995 197 4047 Et
221 3994 258 4047 sic
283 3995 422 4046 discessum
449 4000 485 4044 esi
517 3991 676 4053 Gerbertus,
709 3989 779 4056 apud
809 4005 887 4056 quem
916 3987 950 4038 de
975 3985 1147 4051 sequentibus

50 4059 112 4119 nihii.
187 4068 216 4136 2)
235 4069 313 4119 Haec
332 4067 477 4119 Gerbertus
502 4067 556 4116 ism
582 4070 661 4114 untes
685 4063 783 4113 retulit.
857 4057 886 4126 3)
906 4061 949 4110 Its
967 4059 1044 4109 Pertz
1064 4058 1146 4123 legit3

50 4144 110 4188 nuno
127 4145 212 4210 prima
235 4141 368 4192 vocabule
393 4139 472 4206 plene
497 4145 668 4188 evanuerunt.
711 4137 804 4200 Neque
825 4133 858 4184 de
878 4131 979 4198 synodo
1000 4130 1149 4182 silvanecti

50 4202 132 4266 hahita
150 4216 296 4284 quidquam
317 4219 433 4275 constat3
455 4210 629 4263 cf.Wilmuns
642 4227 668 4276 p.
680 4210 723 4260 62.
761 4208 885 4258 Fortasse
905 4205 998 4256 eadem
1019 4210 1059 4254 est
1078 4218 1147 4270 quse

52 4275 146 4340 Gauseii
167 4288 203 4340 ‘in
222 4289 356 4356 presentie
373 4287 472 4338 Leonis
492 4284 596 4335 abbatis
615 4283 698 4348 legati
718 4296 803 4348 papae
816 4275 950 4330 Iohannis'
969 4277 1062 4328 habita
1080 4277 1149 4343 legi-

52 4353 87 4404 tur
104 4361 148 4415 ss.
168 4364 222 4427 111,
242 4380 268 4430 p.
289 4362 350 4412 ser.

860 4436 917 4501 12*
