2936 5010
340 415 392 466 114
591 413 745 466 alenam
763 413 1014 466 HISTORIARUM
1032 413 1144 468 LIBER
1161 414 1213 466 ΠΙ.

279 601 329 646 osa
338 581 438 648 minui
459 581 572 664 sciens,
592 579 695 647 redire
716 581 865 667 disponit.
906 579 950 646 Et
970 581 1052 647 datis
1075 581 1175 682 signis
1197 587 1296 646 castra
1315 601 1425 646 amove·

338 673 420 732 runt.
462 665 492 730 A
537 665 618 730 arias
651 686 776 752 quoque
807 663 983 731 accelerare
1014 665 1116 731 moliti
1147 674 1235 748 sunt,
1266 665 1424 750 amotisque

339 749 495 832 omnibus,
516 772 528 812 1
550 758 606 814 ant
625 769 691 814 non
711 748 850 834 segniter
876 771 937 814 nec
963 749 1031 814 sine
1061 757 1158 815 metu.
1200 749 1331 814 Axonam
1350 747 1424 812 fluvii

337 833 420 900 vada
439 833 622 900 festinantes
643 832 697 897 alii
724 834 971 917 transmiserant,
999 832 1053 896 alii
1077 855 1153 898 vero
1174 831 1424 919 ingrediebantur,

338 940 410 984 cum
437 919 595 984 exercitus
623 938 644 980 a
667 927 765 1002 regea
788 918 904 982 missus
931 937 952 980 a
977 926 1067 1000 tergo
1095 916 1315 983 festinantibus
1341 915 1424 980 affiit

338 1002 402 1084 Qui
431 1002 548 1088 reperti
574 1001 672 1082 fuere,
703 1021 781 1066 mox
808 999 922 1100 gladiis
950 999 1087 1067 hostium
1115 1001 1178 1066 fusi
1204 1009 1285 1084 sunt,
1316 998 1425 1086 plures·

338 1086 496 1174 quidem¹,
523 1095 575 1150 at·
601 1082 708 1148 nullo·
735 1094 883 1150 nomme*¹
905 1083 1008 1149 clarit
1053 1083 1129 1150 Otto
1149 1087 1270 1150 interea
1296 1106 1365 1148 cum
1383 1104 1425 1146 ex-

338 1172 437 1236 ercitu
458 1170 634 1255 digressus,
666 1165 830 1254 Belgicam
857 1169 949 1255 petiit
973 1167 1082 1254 ibique
1108 1169 1308 1255 procinctum
1334 1165 1426 1247 solvit;

223 1269 260 1322 'a
276 1262 424 1320 tutante
446 1252 554 1318 favore
576 1255 626 1316 *et
647 1249 860 1318 benivolentia
880 1252 967 1338 apud
989 1273 1064 1317 suos
1078 1275 1164 1334 usus,
1186 1263 1231 1336 ut,
1247 1254 1329 1316 sicut
1341 1251 1426 1315 immi-

335 1338 422 1438 nenti
443 1334 594 1423 periculo,
616 1335 661 1402 ita
681 1357 807 1423 quoque
828 1345 861 1402 et
875 1337 1021 1404 omnibus
1036 1337 1142 1423 capita
1156 1359 1225 1402 sese
1245 1335 1426 1402 obiecturosl

276 1421 678 1571 aoo.p⁰sswldl.entlldlharius
706 1501 908 1568 considerans
938 1503 1087 1570 Ottonem
1119 1526 1223 1590 neque
1256 1503 1336 1570 dolis
1364 1500 1425 1583 falli,

334 1610 438 1676 neque
459 1587 584 1652 viribus
605 1609 700 1674 posse
722 1585 856 1669 devinci,
879 1609 955 1675 sepe
976 1595 1007 1652 et
1028 1587 1162 1654 multum
1183 1587 1273 1675 apud
1294 1611 1327 1653 se
1349 1607 1426 1685 quae

334 1672 434 1753 rebat,
456 1681 562 1737 utrum
583 1673 689 1757 potius
709 1669 789 1734 foret
810 1681 892 1736 stare
915 1681 1024 1736 contra
1043 1671 1166 1738 hostem
1187 1695 1230 1736 an
1248 1671 1427 1738 reconcrhan

334 1755 426 1820 hosti.
459 1754 494 1854 Si
509 1764 606 1854 staret
619 1763 738 1853 contra,
749 1755 924 1853 ,cogitabat
934 1755 1089 1856 possibile
1103 1779 1181 1838 esse,
1197 1755 1314 1822 ducem
1329 1753 1427 1854 opibus
1457 1809 1458 1814 ,

335 1859 495 1938 corrumpr
521 1848 553 1902 et
578 1859 612 1902 m
633 1859 812 1903 amrorcram
834 1837 960 1906 Ottonrs
987 1838 1104 1923 relabi3
1133 1841 1160 1904 si
1188 1839 1427 1938 reconcilrarean
1457 1837 1458 1896 l

334 1922 426 2004 hosa,
454 1922 489 1986 1d
517 1943 587 1986 esse
613 1920 860 2006 accelerandum,
888 1945 928 1988 ne
950 1923 1017 1988 dux
1038 1925 1226 2010 presentiret
1253 1934 1287 1990 et
1311 1947 1350 1990 ne
1372 1943 1426 2007 ipse
1457 1957 1458 2024 ,

335 2027 462 2154 quotane
482 2004 577 2071 vellet
603 2003 810 2070 reconciliari.
853 2006 986 2072 Talibus
1007 2009 1041 2072 in
1062 2007 1130 2072 dies
1151 2008 1358 2073 afficiebatur.
1394 2005 1427 2068 Et

334 2091 410 2155 exin
432 2111 450 2154 e
470 2088 519 2154 his
541 2089 665 2155 duobus
692 2087 805 2153 ducem
833 2099 1015 2178 suspectum
1043 2090 1162 2156 habuit.
1205 2092 1238 2158 A
1266 2089 1427 2157 consultan-

333 2174 419 2240 tibus
449 2173 578 2239 tandem
605 2173 788 2239 decretum⁰
814 2185 870 2258 est,
903 2175 1052 2240 Ottonem
1084 2177 1117 2239 in
1148 2177 1330 2241 amiciciam
1357 2174 1427 2257 regis

333 2257 561 2342 revocandum,
588 2279 625 2323 eo
654 2257 739 2344 quod
765 2259 835 2344 ipse
860 2259 930 2324 virt
950 2259 1075 2324 virtutis
1102 2269 1185 2325 esset
1211 2269 1244 2326 et
1272 2281 1330 2347 per
1352 2257 1427 2322 illum

333 2363 398 2407 non
425 2341 525 2406 solum
555 2342 622 2406 dux
650 2343 828 2407 mansuesci
854 2352 970 2428 posset,
998 2343 1054 2408 sed
1080 2351 1112 2408 et
1137 2343 1273 2409 aliarum
1341 2343 1426 2406 atium

333 2427 449 2491 tiranni
470 2425 633 2511 subiugari
653 2425 771 2491 utiliter
795 2424 943 2491 valerent.
982 2425 1099 2512 Legati
1125 2429 1223 2513 igitur
1252 2451 1273 2493 a
1294 2366 1426 2492 fidthario

335 2509 446 2575 directi
480 2509 520 2573 ab
544 2509 660 2576 Ottone
681 2509 899 2575 liberalissime
921 2511 1068 2597 suscepti,
1097 2511 1136 2576 de
1163 2511 1315 2578 habenda
1335 2511 1429 2576 utrius-

336 2613 397 2677 que
418 2592 561 2658 amicicia
582 2593 681 2658 ducee
702 2594 866 2680 ignorante
887 2591 1060 2660 elaborant.

554 2731 604 2796 79.
647 2729 776 2796 Oratiol
796 2729 958 2798 Gallorum
979 2733 1036 2798 adl
1057 2733 1216 2799 Ottonem.

418 2829 608 2914 ‘Hactenus',
630 2833 784 2920 inquiunt,
808 2833 1002 2918 discordiae,
1024 2834 1174 2918 invidiae,
1196 2835 1307 2900 caedis
1328 2841 1429 2901 amato·

334 2935 385 2978 res
406 2912 587 2998 floruerunt,
616 2917 713 2980 ouml
733 2918 815 2982 inter
835 2917 1047 2984 nobilissimos
1073 2941 1164 3004 reges
1191 2928 1319 2985 tantum
1340 2919 1429 2984 locum

334 2996 520 3064 habuerunt
571 2999 696 3081 Qtdbus
747 3023 782 3066 ro
809 3000 930 3068 deliciis
958 3013 1026 3068 erat
1055 3001 1230 3084 discordia,
1260 3005 1339 3091 quia
1357 2999 1430 3100 apud

333 3102 425 3168 reges
440 3081 602 3148 discordes
617 3106 696 3150 sem
731 3095 763 3150 ta
777 3085 943 3173 adquirere
957 3107 1051 3172 posse
1065 3085 1315 3154 arbitrabantur.
1336 3087 1430 3151 Emm-

333 3187 408 3231 vero
423 3165 463 3232 de
478 3169 639 3232 communi
652 3166 723 3233 labe
739 3169 929 3254 cogitabant,
944 3180 979 3236 ut
992 3170 1121 3235 maioris
1135 3170 1255 3255 gloriae
1271 3182 1305 3237 et
1315 3169 1430 3236 honoris

332 3247 439 3315 locum
459 3251 546 3351 apud
567 3253 768 3317 conturbatos
789 3253 994 3320 vindicarent.
1031 3253 1096 3320 Sed
1110 3255 1254 3341 proderit
1268 3255 1431 3342 plurimum

332 3335 378 3400 rei
397 3333 555 3421 pubhcae,
577 3337 603 3400 si
625 3335 804 3423 malignitas
824 3359 995 3423 pravorum
1016 3339 1104 3403 iam<l
1125 3337 1270 3404 dudumtl
1292 3339 1430 3426 repr-ima

331 3427 384 3482 tur
409 3428 441 3483 et
466 3420 568 3484 virtus
598 3421 753 3486 bonorum
779 3419 849 3488 luce
877 3423 989 3508 purius
1017 3423 1176 3488 enitescat.
1219 3424 1347 3490 Redeat
1366 3439 1429 3506 ergo

331 3502 430 3566 virttis
452 3509 484 3566 et
503 3501 614 3569 floreat
634 3505 715 3570 inter
729 3503 972 3590 gloriosissimos
985 3527 1087 3591 reges,
1108 3515 1144 3570 ut
1158 3516 1189 3572 et
1202 3517 1313 3572 vestra
1326 3508 1430 3572 virus

332 3591 490 3649 tantorum
521 3585 676 3651 malorum
707 3597 852 3654 auctores
882 3589 999 3654 abinde
1028 3591 1269 3677 conquiescant,
1305 3602 1338 3657 et
1368 3597 1430 3654 resi

331 3665 461 3764 publica
487 3679 593 3734 vestra
618 3671 733 3736 virtute
758 3675 865 3758 potius
885 3674 1094 3758 gubernetur,
1122 3695 1217 3760 quam
1246 3675 1429 3763 cupidorum

331 3750 453 3814 invidia
480 3750 644 3818 dilabatur.
694 3755 843 3821 Securius
869 3759 953 3822 enim
980 3758 1074 3824 ambo
1102 3780 1137 3822 re
1182 3759 1288 3840 abilis,
1312 3757 1431 3824 cumin

330 3834 475 3899 amicicia
495 3837 654 3902 coniuncti
676 3837 756 3904 duos
776 3841 933 3906 exercitus
947 3842 1029 3929 prol
1043 3843 1129 3907 unod
1183 3843 1314 3910 bebitis.
1346 3836 1430 3922 Quod

331 3919 358 3983 si
386 3940 428 3984 ex
454 3918 546 3984 vobis
573 3919 709 3986 alteria
737 3922 862 3989 ultimas
894 3947 1024 3990 suorum
1051 3947 1221 4012 regnorum
1249 3937 1364 4013 gentes
1391 3925 1430 3987 ire

388 4107 411 4163 a)
426 4121 437 4150 e
450 4122 507 4153 corr.
596 4108 621 4164 b)
637 4123 654 4152 ι.
671 4122 692 4152 o.
709 4123 759 4154 sese
776 4114 796 4154 1.
885 4112 907 4167 c)
923 4115 1075 4159 deliberatum
1093 4129 1200 4168 sapam.
1221 4117 1259 4158 vel
1284 4117 1401 4159 decretam
1414 4123 1429 4152 c.

330 4166 481 4221 inmota.
540 4169 839 4223 datatnzosomo.
899 4171 1057 4228 nadaber.
1118 4177 1141 4229 ι)
1157 4187 1178 4220 v.
1194 4187 1213 4217 r.
1228 4187 1251 4227 p.
1267 4177 1289 4217 1.

403 4315 430 4384 1)
450 4318 491 4370 Gi.
517 4319 600 4374 Gesta
623 4319 759 4375 Gamerae.
778 4323 801 4388 1,
827 4323 871 4388 98,
897 4323 946 4378 SS.
966 4325 1030 4392 VII,
1056 4343 1083 4395 p.
1109 4326 1177 4392 4413
1207 4325 1305 4380 chron.
1330 4325 1429 4388 Anser.

329 4389 372 4442 ed.
390 4389 552 4460 Merchegay
569 4410 595 4461 p.
617 4393 659 4446 ro.

1386 4638 1392 4786 l
