2936 5010
247 404 401 457 RICHERI
419 404 672 457 HISTORIARUM
690 404 802 456 LIBER
819 405 872 457 111.
1085 403 1137 453 107

1 598 3 659 p
37 572 178 657 phisicam
208 581 239 636 et
265 569 477 655 theologicam
506 593 684 657 aequaevas
713 569 817 636 eidem
839 572 950 654 generi
983 571 1198 654 subesse3oso.

1 663 2 706 l
39 679 134 720 earum
161 665 269 721 autem
297 677 398 742 genus
432 657 477 722 eis
513 654 686 755 aequaliter
721 656 933 802 participare3
975 677 1035 720 nec
1069 654 1138 720 fieri

1 715 5 798 l
37 762 135 825 posse,
172 762 271 804 unam
303 739 501 826 eandemque
533 762 671 826 spemem
706 761 770 802 una
802 761 840 803 ea
864 761 977 824 emque
1015 742 1138 804 ratione

1 895 2 902 χ
39 824 128 888 eidem
150 825 270 972 speciei
292 833 323 889 et
336 845 455 972 lparem
477 845 546 888 esse
570 835 601 890 et
618 835 654 889 ut
667 823 848 890 inferiorem
863 825 930 887 acsi
944 825 1054 908 generi
1069 845 1138 910 spe-

39 909 106 973 ciem
127 931 165 973 su
188 909 301 972 iacere.
368 919 462 992 tego
486 907 613 994 quidem
637 907 676 972 de
698 907 746 971 his
761 909 805 972 ita
820 907 931 972 sentio.
968 906 1139 972 Caeterum

1 1041 2 1044 η
39 993 143 1080 siquis
166 1003 278 1058 contra
300 991 380 1082 haec
401 991 581 1074 contendat,
603 993 760 1058 rationem
780 991 854 1056 inde
870 991 1006 1073 affectet,
1029 991 1139 1056 faciat-

3 1133 4 1136 ,
40 1099 89 1162 que
107 1099 165 1142 nos
180 1075 367 1162 intelligere,
390 1076 478 1163 quod
491 1077 633 1142 fortassis
647 1086 779 1141 naturae
799 1077 900 1162 ipsius
920 1075 1001 1140 ratio
1019 1075 1139 1140 nemini

40 1161 129 1226 adhuc
150 1160 322 1227 contulisse
343 1161 490 1226 videtur'.

350 1317 400 1384 60.
444 1315 670 1402 Philosophiae
694 1316 817 1381 divisio.

107 1437 160 1503 Ad
188 1436 269 1502 haec
297 1438 436 1520 Otricus,
457 1439 607 1502 innuente
634 1446 782 1520 augusto,
811 1439 857 1501 sio
878 1439 936 1502 ait:
969 1437 1139 1518 ‘Quoniam

40 1519 246 1609 philosophiae
292 1532 374 1586 artes
396 1521 516 1608 aliquot
529 1520 670 1586 breviter
684 1522 826 1608 attigisti,
848 1520 1033 1608 adplenum
1049 1543 1140 1606 opor-

5 1649 6 1652 *
41 1613 76 1667 tet
93 1617 126 1670 ut
146 1616 179 1671 et
201 1545 327 1670 dividas
349 1617 381 1670 et
402 1607 591 1670 divisionem
613 1605 739 1670 enodes.
784 1605 902 1691 Sicque
924 1605 993 1670 fieri
1014 1606 1139 1692 poterit,

41 1698 123 1754 ulex
142 1689 306 1778 probabili
327 1690 482 1756 divisione
504 1691 638 1754 vitiosae
660 1689 681 1752 fi
707 1711 782 1754 urae
805 1691 945 1776 suspicio
960 1712 980 1754 a
993 1699 1025 1754 te
1039 1711 1140 1754 remo-

5 1775 6 1778 ’
41 1777 153 1839 veatur'.
187 1773 280 1838 Tunc
325 1797 430 1860 uoque
453 1773 644 1839 (iserbertum
668 1712 762 1840 ‘dum
783 1773 863 1856 hoo',
885 1775 997 1862 inquit,
1022 1774 1141 1860 ‘magni

41 1868 157 1940 constet,
180 1868 291 1944 utpote
303 1797 492 1923 (divinarum
515 1867 546 1922 et
568 1857 778 1922 humanarum
803 1881 910 1922 rerum
936 1858 1141 1946 comprehen-

41 1942 77 2004 sio
96 1945 247 2025 veritatis,
270 1952 386 2026 tamen,
408 1952 445 2006 ut
465 1965 525 2007 nec
547 1965 606 2007 nos
627 1944 776 2028 ignaviae
797 1965 970 2028 arguamur
999 1952 1029 2007 et
1052 1943 1141 2006 audi-

41 2033 129 2090 torum
162 2025 262 2114 aliqui
294 2027 449 2114 proficere
484 2027 627 2114 possint,
664 2027 840 2091 secundum
872 2027 1012 2092 Vitruvii
1043 2037 1077 2091 at
1100 2049 1140 2090 ue

41 2107 129 2174 Boetii
151 2111 340 2176 divisionem
363 2111 468 2176 dicere
489 2133 554 2175 non
575 2112 708 2196 pigebit
751 2111 811 2174 Est
832 2112 916 2174 enim
938 2049 1141 2197 philosophia

5 2237 6 2240 =
41 2215 135 2276 genus.
182 2194 282 2260 Cuius
305 2199 427 2282 species
450 2205 523 2260 sunt
544 2196 684 2281 practice
706 2204 738 2258 et
759 2195 941 2258 theoretice.
979 2195 1140 2258 Practices

40 2299 103 2344 vero
123 2281 247 2366 species
264 2279 335 2344 dico
352 2279 609 2363 dispensativam,
632 2278 876 2357 distributivam,
900 2279 1036 2342 civilem.
1071 2273 1139 2342 Sub

41 2360 198 2429 theoretice
220 2386 295 2428 vero
316 2387 381 2428 non
402 2368 578 2448 incongrue
599 2361 816 2445 intelliguntur
837 2360 961 2446 phisica
978 2359 1140 2443 naturalis,

41 2447 252 2514 mathematica
272 2445 479 2533 intelligibilis
500 2467 538 2510 ac
560 2444 720 2530 theologia
734 2443 969 2508 intellectibilis.
1005 2445 1140 2508 Rursus·

42 2551 92 2616 que
101 2533 355 2598 mathematicam
368 2531 428 2597 sub
439 2531 562 2617 phisica
571 2551 636 2594 non
647 2539 753 2615 preter
762 2531 917 2593 rationem
930 2527 1141 2593 collocamus'.

41 2685 80 2752 61.
120 2687 337 2775 Reprehensio
366 2687 529 2752 divisionis
557 2687 598 2752 ab
626 2685 737 2787 Qtrico
764 2685 900 2770 inutilis,
927 2670 965 2749 ao
993 2684 1142 2752 Gerberti

498 2792 672 2856 responsm.

111 2875 273 2960 Nisusque
302 2873 387 2960 quod
416 2873 574 2960 reliquum
597 2884 665 2939 erat
686 2875 846 2960 prosequi,
879 2873 1007 2939 Otricus
1034 2867 1142 2936 subin-

3 3027 4 3036 ,
43 2954 115 3022 tulit:
145 2960 273 3041 ‘Miror',
302 2959 458 3044 inquiens,
485 2957 782 3040 ‘vehementissima
806 2958 892 3044 quod
913 2957 1055 3044 phisicae
1078 2977 1142 3019 ma-

2 3090 3 3093 .
43 3037 232 3108 tharsaticam
254 3044 300 3107 sio
323 3041 363 3107 de
379 3065 442 3141 pro
467 3044 564 3128 inquo
587 3041 767 3123 subdidisti,
791 3065 864 3106 cum
878 3043 961 3107 inter
974 3051 1143 3139 utramque

43 3124 247 3193 subalternum
262 3149 362 3213 genus
377 3065 511 3212 mtelligi
525 3129 626 3212 possit
639 3125 838 3213 phisiologia.
854 3127 1013 3190 Vitiosum
1026 3135 1143 3188 etenrm

2 3246 3 3251 κ
43 3207 122 3276 valde
143 3210 278 3294 videtur,
301 3213 328 3274 si
343 3213 437 3275 nimis
451 3210 547 3295 longe
561 3213 662 3296 petita
676 3231 750 3296 pars
766 3209 807 3272 ad
822 3212 947 3294 generis
963 3208 1144 3272 conferatur

42 3289 236 3364 divisionem'.
269 3294 323 3359 Ad
344 3295 422 3360 haec
439 3294 629 3360 Gerbertus:
651 3294 758 3380 ‘Inde',
779 3293 892 3378 inquit,
914 3293 1143 3358 ‘vehementius

1 3389 2 3416 ¹
43 3378 209 3445 mirandum
230 3379 366 3463 videtur,
388 3377 475 3464 quod
495 3377 751 3444 mathematicam
779 3376 930 3462 phisicae,
957 3399 1033 3440 suae
1054 3374 1142 3440 vide-

1 3535 2 3546 ,
43 3455 107 3527 licet
127 3485 275 3546 coaevae,
305 3471 341 3527 ut
368 3486 383 3527 s
408 3465 507 3528 eciem
536 3462 743 3528 subdiderim.
793 3460 877 3526 Cum
907 3463 991 3526 enim
1024 3480 1142 3524 coevae

1 3567 2 3610 t
43 3543 93 3608 sub
114 3547 227 3615 eodem
249 3569 365 3632 genere
384 3485 576 3628 habeantur,
606 3547 736 3628 maiore,
765 3547 799 3608 in
821 3568 905 3626 nam,
934 3544 1142 3609 admiratione
1175 3547 1178 3558 .

1 3619 2 3704 l
43 3625 162 3714 dignum
183 3631 318 3714 videtur,
341 3633 368 3696 si
388 3629 479 3696 alteri
499 3630 598 3696 altera
609 3630 771 3696 subdatur.
799 3567 831 3695 (b

1 3713 2 3724 ¹
42 3713 118 3793 giam
138 3715 279 3801 phisicae
300 3737 401 3802 genus
422 3737 488 3780 non
509 3738 579 3780 esse
600 3714 870 3801 quemadmodum
891 3736 1052 3800 proponrs,
1074 3712 1143 3776 nul-

42 3791 158 3884 lamque
180 3822 291 3874 earum
312 3800 523 3865 differentiam
537 3798 631 3864 aliam
646 3822 762 3882 assero,
784 3801 846 3863 nisi
862 3821 932 3864 eam
949 3821 1045 3884 quam
1060 3799 1143 3862 inter

1 3899 2 3974 ,
43 3879 265 3971 philosophiam
287 3896 319 3949 et
346 3883 553 3970 philologiam
583 3905 753 3969 cognosco.
797 3882 949 3969 Alioquin
969 3881 1143 3968 philologia

1 3977 2 4036 i
43 3963 250 4054 philosophiae
270 3990 371 4054 genus
394 3967 595 4034 conceditur’.
627 3967 681 4032 Ad
701 3967 781 4032 haec
804 3966 1043 4031 scolasticorum
1064 3963 1143 4028 mul-

1 4095 4 4132 3,
43 4048 136 4114 titudo
171 4052 391 4140 philosophiae
431 4051 621 4117 divisionem
668 4053 877 4136 interruptam
917 4047 1144 4134 indignabatur

1 4137 2 4144 ’
44 4153 168 4220 eamque
194 4160 229 4202 re
254 4139 295 4202 eti
321 4135 409 4222 apud
435 4147 607 4222 augustum
628 4136 766 4221 petebat.
811 4134 939 4200 Otrious
965 4154 1041 4196 vero
1070 4139 1144 4232 post

44 4218 198 4362 paululum
210 4161 297 4285 idem
311 4221 520 4307 repetendum
532 4219 667 4302 dicebat,
683 4221 771 4305 prius
783 4228 889 4282 tamen
900 4215 1009 4280 habita
1021 4226 1142 4280 ratione

3 4351 4 4369 .
64 4324 199 4369 ecausa
226 4307 327 4391 ipsius
352 4303 580 4390 philosophiae.
623 4303 857 4388 Intendensque
883 4303 917 4366 in
939 4299 1142 4384 Gerbertum,

2 4481 7 4517 Ι
46 4404 120 4467 quae
142 4400 222 4455 esset
243 4411 340 4454 causa
359 4387 587 4476 philosophiae,
610 4384 839 4452 sciscitabatur.

834 3629 874 3694 ed
896 3629 978 3712 dico,
993 3626 1142 3728 phisiolo-
