<?xml version="1.0" encoding="UTF-8"?>
<!DOCTYPE html PUBLIC "-//W3C//DTD XHTML 1.0 Transitional//EN"
    "http://www.w3.org/TR/xhtml1/DTD/xhtml1-transitional.dtd">
<html xmlns="http://www.w3.org/1999/xhtml" xml:lang="en" lang="en">
 <head>
  <title>
</title>
<meta http-equiv="Content-Type" content="text/html;charset=utf-8" />
  <meta name='ocr-system' content='tesseract 3.04.00' />
  <meta name='ocr-capabilities' content='ocr_page ocr_carea ocr_par ocr_line ocrx_word'/>
</head>
<body>
  <div class='ocr_page' id='page_1' title='image "./richerihistoria00richgoog_0086.png"; bbox 0 0 2938 5016; ppageno 0'>
   <div class='ocr_carea' id='block_1_1' title="bbox 271 410 1132 468">
    <p class='ocr_par' dir='ltr' id='par_1_1' title="bbox 271 410 1132 468">
     <span class='ocr_line' id='line_1_1' title="bbox 271 410 1132 468; baseline 0.006 -6"><span class='ocrx_word' id='word_1_1' title='bbox 271 411 425 463; x_wconf 75' lang='lat' dir='ltr'><strong>mersum</strong></span> <span class='ocrx_word' id='word_1_2' title='bbox 445 410 699 464; x_wconf 81' lang='lat' dir='ltr'><strong>HISTORIARUM</strong></span> <span class='ocrx_word' id='word_1_3' title='bbox 717 411 830 464; x_wconf 82' lang='lat' dir='ltr'><strong>LIBER</strong></span> <span class='ocrx_word' id='word_1_4' title='bbox 848 413 887 465; x_wconf 90' lang='lat'><strong>11.</strong></span> <span class='ocrx_word' id='word_1_5' title='bbox 1097 416 1132 468; x_wconf 81' lang='lat' dir='ltr'><strong>so</strong></span> 
     </span>
    </p>
   </div>
   <div class='ocr_carea' id='block_1_2' title="bbox 20 577 1195 1002">
    <p class='ocr_par' dir='ltr' id='par_1_2' title="bbox 20 577 1195 1002">
     <span class='ocr_line' id='line_1_2' title="bbox 21 577 1195 659; baseline 0.001 -19"><span class='ocrx_word' id='word_1_6' title='bbox 21 587 181 642; x_wconf 89' lang='lat' dir='ltr'><strong>consecuta</strong></span> <span class='ocrx_word' id='word_1_7' title='bbox 213 579 293 643; x_wconf 86' lang='lat' dir='ltr'><strong>est*.</strong></span> <span class='ocrx_word' id='word_1_8' title='bbox 339 577 508 659; x_wconf 77' lang='lat' dir='ltr'>Quomodo</span> <span class='ocrx_word' id='word_1_9' title='bbox 541 579 625 643; x_wconf 89' lang='lat' dir='ltr'><strong>enim</strong></span> <span class='ocrx_word' id='word_1_10' title='bbox 671 589 754 645; x_wconf 86' lang='lat' dir='ltr'><strong>reter</strong></span> <span class='ocrx_word' id='word_1_11' title='bbox 782 602 833 644; x_wconf 90' lang='lat' dir='ltr'><strong>me</strong></span> <span class='ocrx_word' id='word_1_12' title='bbox 862 581 1043 646; x_wconf 88' lang='lat' dir='ltr'><strong>necessaria</strong></span> <span class='ocrx_word' id='word_1_13' title='bbox 1071 582 1132 648; x_wconf 90' lang='lat' dir='ltr'><strong>tibi</strong></span> <span class='ocrx_word' id='word_1_14' title='bbox 1142 599 1195 642; x_wconf 74' lang='lat' dir='ltr'><strong>sss.</strong></span> 
     </span>
     <span class='ocr_line' id='line_1_3' title="bbox 21 661 1133 749; baseline 0.009 -28"><span class='ocrx_word' id='word_1_15' title='bbox 21 681 49 721; x_wconf 86' lang='lat' dir='ltr'><strong>ao</strong></span> <span class='ocrx_word' id='word_1_16' title='bbox 68 661 213 746; x_wconf 89' lang='lat' dir='ltr'><strong>gloriosa</strong></span> <span class='ocrx_word' id='word_1_17' title='bbox 235 663 403 748; x_wconf 85' lang='lat' dir='ltr'><strong>provenire</strong></span> <span class='ocrx_word' id='word_1_18' title='bbox 425 662 602 728; x_wconf 78' lang='lat' dir='ltr'><strong>arbitrare?</strong></span> <span class='ocrx_word' id='word_1_19' title='bbox 679 661 790 745; x_wconf 86' lang='lat' dir='ltr'><strong>ultum,</strong></span> <span class='ocrx_word' id='word_1_20' title='bbox 818 663 980 749; x_wconf 82' lang='lat' dir='ltr'><strong>iuquam·,</strong></span> <span class='ocrx_word' id='word_1_21' title='bbox 1009 663 1069 730; x_wconf 92' lang='lat' dir='ltr'><strong>tibi</strong></span> <span class='ocrx_word' id='word_1_22' title='bbox 1097 666 1133 730; x_wconf 91' lang='lat' dir='ltr'><strong>in</strong></span> 
     </span>
     <span class='ocr_line' id='line_1_4' title="bbox 20 741 1132 830; baseline 0.007 -24"><span class='ocrx_word' id='word_1_23' title='bbox 20 741 68 807; x_wconf 89' lang='lat' dir='ltr'><strong>hoc</strong></span> <span class='ocrx_word' id='word_1_24' title='bbox 88 743 287 830; x_wconf 86' lang='lat' dir='ltr'><strong>derogatum</strong></span> <span class='ocrx_word' id='word_1_25' title='bbox 310 754 366 810; x_wconf 91' lang='lat' dir='ltr'><strong>est.</strong></span> <span class='ocrx_word' id='word_1_26' title='bbox 413 747 483 810; x_wconf 89' lang='lat' dir='ltr'><strong>Iam</strong></span> <span class='ocrx_word' id='word_1_27' title='bbox 506 748 721 828; x_wconf 85' lang='lat' dir='ltr'><strong>memineris1,</strong></span> <span class='ocrx_word' id='word_1_28' title='bbox 744 755 775 811; x_wconf 88' lang='lat' dir='ltr'><strong>te</strong></span> <span class='ocrx_word' id='word_1_29' title='bbox 796 747 902 811; x_wconf 89' lang='lat' dir='ltr'><strong>virum</strong></span> <span class='ocrx_word' id='word_1_30' title='bbox 924 770 1003 814; x_wconf 88' lang='lat' dir='ltr'><strong>esse.</strong></span> <span class='ocrx_word' id='word_1_31' title='bbox 1048 748 1132 816; x_wconf 85' lang='lat' dir='ltr'><strong>Oon-</strong></span> 
     </span>
     <span class='ocr_line' id='line_1_5' title="bbox 21 827 1131 919; baseline 0.009 -30"><span class='ocrx_word' id='word_1_32' title='bbox 21 827 126 892; x_wconf 81' lang='lat' dir='ltr'>sideros</span> <span class='ocrx_word' id='word_1_33' title='bbox 183 851 303 916; x_wconf 92' lang='lat' dir='ltr'><strong>uoque,</strong></span> <span class='ocrx_word' id='word_1_34' title='bbox 336 829 414 915; x_wconf 93' lang='lat' dir='ltr'><strong>quid</strong></span> <span class='ocrx_word' id='word_1_35' title='bbox 442 839 515 896; x_wconf 87' lang='lat' dir='ltr'><strong>tuae</strong></span> <span class='ocrx_word' id='word_1_36' title='bbox 544 831 659 895; x_wconf 86' lang='lat' dir='ltr'><strong>rationi</strong></span> <span class='ocrx_word' id='word_1_37' title='bbox 687 830 891 895; x_wconf 90' lang='lat' dir='ltr'><strong>commodum</strong></span> <span class='ocrx_word' id='word_1_38' title='bbox 919 832 969 896; x_wconf 87' lang='lat' dir='ltr'><strong>sit.</strong></span> <span class='ocrx_word' id='word_1_39' title='bbox 1013 831 1131 919; x_wconf 89' lang='lat' dir='ltr'><strong>Sicque</strong></span> 
     </span>
     <span class='ocr_line' id='line_1_6' title="bbox 21 911 1132 1002; baseline 0.006 -27"><span class='ocrx_word' id='word_1_40' title='bbox 21 911 105 976; x_wconf 75' lang='lat' dir='ltr'><strong>virtus</strong></span> <span class='ocrx_word' id='word_1_41' title='bbox 127 935 165 977; x_wconf 86' lang='lat' dir='ltr'><strong>re</strong></span> <span class='ocrx_word' id='word_1_42' title='bbox 193 925 255 995; x_wconf 87' lang='lat' dir='ltr'><strong>eat,</strong></span> <span class='ocrx_word' id='word_1_43' title='bbox 283 913 340 977; x_wconf 80' lang='lat' dir='ltr'><strong>utb</strong></span> <span class='ocrx_word' id='word_1_44' title='bbox 368 915 401 976; x_wconf 92' lang='lat' dir='ltr'><strong>in</strong></span> <span class='ocrx_word' id='word_1_45' title='bbox 429 912 677 980; x_wconf 86' lang='lat' dir='ltr'><strong>benivolentiam</strong></span> <span class='ocrx_word' id='word_1_46' title='bbox 705 936 764 979; x_wconf 87' lang='lat' dir='ltr'><strong>nos</strong></span> <span class='ocrx_word' id='word_1_47' title='bbox 790 924 936 998; x_wconf 79' lang='lat' dir='ltr'><strong>revocet3</strong></span> <span class='ocrx_word' id='word_1_48' title='bbox 972 925 1004 980; x_wconf 89' lang='lat' dir='ltr'><strong>te</strong></span> <span class='ocrx_word' id='word_1_49' title='bbox 1031 917 1132 1002; x_wconf 88' lang='lat' dir='ltr'><strong>impe·</strong></span> 
     </span>
    </p>
   </div>
   <div class='ocr_carea' id='block_1_3' title="bbox 21 996 1131 1247">
    <p class='ocr_par' dir='ltr' id='par_1_3' title="bbox 21 996 1131 1247">
     <span class='ocr_line' id='line_1_7' title="bbox 21 996 1131 1146; baseline 0.005 -86"><span class='ocrx_word' id='word_1_50' title='bbox 21 1007 129 1092; x_wconf 66' lang='lat' dir='ltr'><strong>rentem</strong></span> <span class='ocrx_word' id='word_1_51' title='bbox 154 1007 191 1062; x_wconf 91' lang='lat' dir='ltr'><strong>et</strong></span> <span class='ocrx_word' id='word_1_52' title='bbox 212 1019 265 1061; x_wconf 92' lang='lat' dir='ltr'><strong>me</strong></span> <span class='ocrx_word' id='word_1_53' title='bbox 287 996 474 1063; x_wconf 86' lang='lat' dir='ltr'><strong>militantem</strong></span> <span class='ocrx_word' id='word_1_54' title='bbox 483 1010 505 1082; x_wconf 79' lang='lat'><strong>⁰,</strong></span> <span class='ocrx_word' id='word_1_55' title='bbox 527 1019 586 1084; x_wconf 89' lang='lat' dir='ltr'><strong>per</strong></span> <span class='ocrx_word' id='word_1_56' title='bbox 606 1021 657 1062; x_wconf 91' lang='lat' dir='ltr'><strong>me</strong></span> <span class='ocrx_word' id='word_1_57' title='bbox 680 1000 776 1064; x_wconf 89' lang='lat' dir='ltr'><strong>etiarn</strong></span> <span class='ocrx_word' id='word_1_58' title='bbox 798 997 938 1146; x_wconf 67' lang='lat' dir='ltr'><strong>reliquos</strong></span> <span class='ocrx_word' id='word_1_59' title='bbox 960 998 1131 1097; x_wconf 79' lang='lat' dir='ltr'><strong>militatum</strong></span> 
     </span>
     <span class='ocr_line' id='line_1_8' title="bbox 21 1077 1131 1247; baseline 0.007 -107"><span class='ocrx_word' id='word_1_60' title='bbox 21 1077 65 1141; x_wconf 83' lang='lat' dir='ltr'><strong>ubr</strong></span> <span class='ocrx_word' id='word_1_61' title='bbox 84 1079 234 1146; x_wconf 84' lang='lat' dir='ltr'><strong>reducat.</strong></span> <span class='ocrx_word' id='word_1_62' title='bbox 275 1077 322 1145; x_wconf 86' lang='lat' dir='ltr'><strong>Et</strong></span> <span class='ocrx_word' id='word_1_63' title='bbox 343 1082 418 1166; x_wconf 92' lang='lat' dir='ltr'><strong>quia</strong></span> <span class='ocrx_word' id='word_1_64' title='bbox 438 1104 496 1145; x_wconf 90' lang='lat' dir='ltr'><strong>rex</strong></span> <span class='ocrx_word' id='word_1_65' title='bbox 518 1103 538 1144; x_wconf 88' lang='lat' dir='ltr'><strong>a</strong></span> <span class='ocrx_word' id='word_1_66' title='bbox 559 1105 610 1146; x_wconf 91' lang='lat' dir='ltr'><strong>me</strong></span> <span class='ocrx_word' id='word_1_67' title='bbox 632 1093 767 1166; x_wconf 87' lang='lat' dir='ltr'><strong>creatus,</strong></span> <span class='ocrx_word' id='word_1_68' title='bbox 795 1083 861 1146; x_wconf 87' lang='lat' dir='ltr'><strong>nih·</strong></span> <span class='ocrx_word' id='word_1_69' title='bbox 896 1081 1131 1247; x_wconf 56' lang='lat' dir='ltr'><strong>mih1lar5itus</strong></span> 
     </span>
    </p>
   </div>
   <div class='ocr_carea' id='block_1_4' title="bbox 21 1163 1132 1650">
    <p class='ocr_par' dir='ltr' id='par_1_4' title="bbox 21 1163 1132 1650">
     <span class='ocr_line' id='line_1_9' title="bbox 22 1163 1132 1239; baseline 0.007 -15"><span class='ocrx_word' id='word_1_70' title='bbox 22 1184 54 1239; x_wconf 87' lang='lat' dir='ltr'><strong>es,</strong></span> <span class='ocrx_word' id='word_1_71' title='bbox 66 1163 266 1229; x_wconf 85' lang='lat' dir='ltr'><strong>Laudunum</strong></span> <span class='ocrx_word' id='word_1_72' title='bbox 281 1163 391 1230; x_wconf 87' lang='lat' dir='ltr'><strong>saltem</strong></span> <span class='ocrx_word' id='word_1_73' title='bbox 408 1164 580 1230; x_wconf 87' lang='lat' dir='ltr'><strong>militaturo</strong></span> <span class='ocrx_word' id='word_1_74' title='bbox 595 1165 768 1231; x_wconf 80' lang='lat' dir='ltr'><strong>liberaliter</strong></span> <span class='ocrx_word' id='word_1_75' title='bbox 781 1166 1001 1235; x_wconf 86' lang='lat' dir='ltr'><strong>accommoda.</strong></span> <span class='ocrx_word' id='word_1_76' title='bbox 1067 1167 1132 1232; x_wconf 92' lang='lat' dir='ltr'><strong>uod</strong></span> 
     </span>
     <span class='ocr_line' id='line_1_10' title="bbox 21 1248 1131 1336; baseline 0.007 -28"><span class='ocrx_word' id='word_1_77' title='bbox 21 1248 101 1310; x_wconf 82' lang='lat' dir='ltr'><strong>etiam</strong></span> <span class='ocrx_word' id='word_1_78' title='bbox 125 1270 230 1313; x_wconf 84' lang='lat' dir='ltr'><strong>causa</strong></span> <span class='ocrx_word' id='word_1_79' title='bbox 252 1249 312 1314; x_wconf 90' lang='lat' dir='ltr'><strong>erit</strong></span> <span class='ocrx_word' id='word_1_80' title='bbox 332 1248 408 1314; x_wconf 90' lang='lat' dir='ltr'><strong>fidei</strong></span> <span class='ocrx_word' id='word_1_81' title='bbox 430 1249 624 1317; x_wconf 87' lang='lat' dir='ltr'><strong>servandae&#39;.</strong></span> <span class='ocrx_word' id='word_1_82' title='bbox 658 1250 741 1332; x_wconf 87' lang='lat' dir='ltr'><strong>Rex,</strong></span> <span class='ocrx_word' id='word_1_83' title='bbox 764 1259 875 1336; x_wconf 85' lang='lat' dir='ltr'>utpote</span> <span class='ocrx_word' id='word_1_84' title='bbox 891 1261 1012 1336; x_wconf 88' lang='lat' dir='ltr'><strong>captus,</strong></span> <span class='ocrx_word' id='word_1_85' title='bbox 1036 1250 1131 1316; x_wconf 88' lang='lat' dir='ltr'><strong>dictis</strong></span> 
     </span>
     <span class='ocr_line' id='line_1_11' title="bbox 21 1331 1131 1418; baseline 0.005 -26"><span class='ocrx_word' id='word_1_86' title='bbox 21 1331 232 1418; x_wconf 86' lang='lat' dir='ltr'><strong>proloquentis</strong></span> <span class='ocrx_word' id='word_1_87' title='bbox 254 1333 360 1398; x_wconf 80' lang='lat' dir='ltr'><strong>cessit.</strong></span> <span class='ocrx_word' id='word_1_88' title='bbox 392 1333 486 1398; x_wconf 85' lang='lat' dir='ltr'><strong>Unde</strong></span> <span class='ocrx_word' id='word_1_89' title='bbox 502 1343 534 1398; x_wconf 89' lang='lat' dir='ltr'><strong>et</strong></span> <span class='ocrx_word' id='word_1_90' title='bbox 548 1332 709 1416; x_wconf 89' lang='lat' dir='ltr'><strong>dimissus,</strong></span> <span class='ocrx_word' id='word_1_91' title='bbox 731 1333 807 1398; x_wconf 87' lang='lat' dir='ltr'><strong>data</strong></span> <span class='ocrx_word' id='word_1_92' title='bbox 822 1333 1012 1416; x_wconf 69' lang='lat' dir='ltr'><strong>Lauduno‘l,</strong></span> <span class='ocrx_word' id='word_1_93' title='bbox 1036 1333 1131 1400; x_wconf 81' lang='lat' dir='ltr'><strong>Com·</strong></span> 
     </span>
     <span class='ocr_line' id='line_1_12' title="bbox 21 1415 1132 1503; baseline 0.007 -27"><span class='ocrx_word' id='word_1_94' title='bbox 21 1415 115 1496; x_wconf 89' lang='lat' dir='ltr'><strong>pendii</strong></span> <span class='ocrx_word' id='word_1_95' title='bbox 139 1439 213 1481; x_wconf 88' lang='lat' dir='ltr'><strong>sese</strong></span> <span class='ocrx_word' id='word_1_96' title='bbox 235 1418 359 1502; x_wconf 91' lang='lat' dir='ltr'><strong>recepit</strong></span> <span class='ocrx_word' id='word_1_97' title='bbox 368 1428 390 1481; x_wconf 86' lang='lat'><strong>².</strong></span> <span class='ocrx_word' id='word_1_98' title='bbox 432 1417 535 1482; x_wconf 83' lang='lat' dir='ltr'><strong>Adest</strong></span> <span class='ocrx_word' id='word_1_99' title='bbox 562 1416 729 1502; x_wconf 80' lang='lat' dir='ltr'><strong>Gerberga</strong></span> <span class='ocrx_word' id='word_1_100' title='bbox 757 1420 869 1503; x_wconf 90' lang='lat' dir='ltr'><strong>regina</strong></span> <span class='ocrx_word' id='word_1_101' title='bbox 893 1416 993 1483; x_wconf 83' lang='lat' dir='ltr'><strong>multa</strong></span> <span class='ocrx_word' id='word_1_102' title='bbox 1014 1419 1132 1484; x_wconf 86' lang='lat' dir='ltr'><strong>virtute</strong></span> 
     </span>
     <span class='ocr_line' id='line_1_13' title="bbox 22 1499 1131 1590; baseline 0.005 -29"><span class='ocrx_word' id='word_1_103' title='bbox 22 1499 240 1565; x_wconf 85' lang='lat' dir='ltr'><strong>memorabilis.</strong></span> <span class='ocrx_word' id='word_1_104' title='bbox 290 1501 418 1566; x_wconf 90' lang='lat' dir='ltr'><strong>Adsunt</strong></span> <span class='ocrx_word' id='word_1_105' title='bbox 448 1523 575 1588; x_wconf 89' lang='lat' dir='ltr'><strong>quoque</strong></span> <span class='ocrx_word' id='word_1_106' title='bbox 601 1500 722 1588; x_wconf 87' lang='lat' dir='ltr'><strong>aliquot</strong></span> <span class='ocrx_word' id='word_1_107' title='bbox 751 1525 793 1566; x_wconf 88' lang='lat' dir='ltr'><strong>ex</strong></span> <span class='ocrx_word' id='word_1_108' title='bbox 815 1499 947 1588; x_wconf 83' lang='lat' dir='ltr'><strong>Belgica</strong></span> <span class='ocrx_word' id='word_1_109' title='bbox 975 1504 1131 1590; x_wconf 86' lang='lat' dir='ltr'><strong>episcopi.</strong></span> 
     </span>
     <span class='ocr_line' id='line_1_14' title="bbox 21 1579 723 1650; baseline 0.007 -7"><span class='ocrx_word' id='word_1_110' title='bbox 21 1579 188 1650; x_wconf 70' lang='lat' dir='ltr'><strong>confluunt</strong></span> <span class='ocrx_word' id='word_1_111' title='bbox 211 1585 307 1648; x_wconf 87' lang='lat' dir='ltr'><strong>etiam</strong></span> <span class='ocrx_word' id='word_1_112' title='bbox 329 1585 389 1648; x_wconf 90' lang='lat' dir='ltr'><strong>viri</strong></span> <span class='ocrx_word' id='word_1_113' title='bbox 411 1583 547 1650; x_wconf 87' lang='lat' dir='ltr'><strong>illustres</strong></span> <span class='ocrx_word' id='word_1_114' title='bbox 569 1585 723 1650; x_wconf 89' lang='lat' dir='ltr'><strong>nonnulli.</strong></span> 
     </span>
    </p>
   </div>
   <div class='ocr_carea' id='block_1_5' title="bbox 22 1705 1133 3654">
    <p class='ocr_par' dir='ltr' id='par_1_5' title="bbox 91 1705 1046 1875">
     <span class='ocr_line' id='line_1_15' title="bbox 91 1705 1046 1792; baseline 0 -22"><span class='ocrx_word' id='word_1_115' title='bbox 91 1706 142 1770; x_wconf 81' lang='lat'><strong>52.</strong></span> <span class='ocrx_word' id='word_1_116' title='bbox 179 1705 388 1786; x_wconf 74' lang='lat' dir='ltr'><strong>Querimonia</strong></span> <span class='ocrx_word' id='word_1_117' title='bbox 412 1706 498 1790; x_wconf 88' lang='lat' dir='ltr'><strong>regis</strong></span> <span class='ocrx_word' id='word_1_118' title='bbox 520 1705 607 1792; x_wconf 88' lang='lat' dir='ltr'><strong>apud</strong></span> <span class='ocrx_word' id='word_1_119' title='bbox 629 1706 790 1790; x_wconf 85' lang='lat' dir='ltr'><strong>privatose</strong></span> <span class='ocrx_word' id='word_1_120' title='bbox 817 1705 856 1771; x_wconf 89' lang='lat' dir='ltr'><strong>de</strong></span> <span class='ocrx_word' id='word_1_121' title='bbox 877 1705 1046 1792; x_wconf 70' lang='lat' dir='ltr'><strong>Hugonis0</strong></span> 
     </span>
     <span class='ocr_line' id='line_1_16' title="bbox 446 1791 697 1875; baseline 0.004 -23"><span class='ocrx_word' id='word_1_122' title='bbox 446 1791 666 1875; x_wconf 86' lang='lat' dir='ltr'><strong>persecutione</strong></span> <span class='ocrx_word' id='word_1_123' title='bbox 675 1803 697 1853; x_wconf 56' lang='grc' dir='ltr'><strong>θ.</strong></span> 
     </span>
    </p>

    <p class='ocr_par' dir='ltr' id='par_1_6' title="bbox 22 1890 1131 2878">
     <span class='ocr_line' id='line_1_17' title="bbox 90 1890 1130 1977; baseline 0.004 -24"><span class='ocrx_word' id='word_1_124' title='bbox 90 1890 194 1975; x_wconf 89' lang='lat' dir='ltr'><strong>Apud</strong></span> <span class='ocrx_word' id='word_1_125' title='bbox 217 1911 298 1976; x_wconf 90' lang='lat' dir='ltr'><strong>quos</strong></span> <span class='ocrx_word' id='word_1_126' title='bbox 326 1891 421 1956; x_wconf 88' lang='lat' dir='ltr'><strong>etiam</strong></span> <span class='ocrx_word' id='word_1_127' title='bbox 448 1914 507 1956; x_wconf 89' lang='lat' dir='ltr'><strong>rex</strong></span> <span class='ocrx_word' id='word_1_128' title='bbox 535 1891 584 1955; x_wconf 91' lang='lat' dir='ltr'><strong>his</strong></span> <span class='ocrx_word' id='word_1_129' title='bbox 610 1891 719 1956; x_wconf 88' lang='lat' dir='ltr'><strong>verbis</strong></span> <span class='ocrx_word' id='word_1_130' title='bbox 747 1901 941 1977; x_wconf 85' lang='lat' dir='ltr'><strong>conquestus</strong></span> <span class='ocrx_word' id='word_1_131' title='bbox 969 1903 1026 1958; x_wconf 89' lang='lat' dir='ltr'><strong>est.</strong></span> <span class='ocrx_word' id='word_1_132' title='bbox 1070 1892 1130 1957; x_wconf 87' lang='lat' dir='ltr'><strong>Et:</strong></span> 
     </span>
     <span class='ocr_line' id='line_1_18' title="bbox 23 1969 1128 2061; baseline 0.009 -29"><span class='ocrx_word' id='word_1_133' title='bbox 23 1969 79 2033; x_wconf 83' lang='lat' dir='ltr'><strong>‘Eia</strong></span> <span class='ocrx_word' id='word_1_134' title='bbox 99 1976 174 2058; x_wconf 79' lang='lat' dir='ltr'><strong>tu’f,</strong></span> <span class='ocrx_word' id='word_1_135' title='bbox 202 1975 361 2061; x_wconf 88' lang='lat' dir='ltr'><strong>inquiens,</strong></span> <span class='ocrx_word' id='word_1_136' title='bbox 384 1975 506 2060; x_wconf 85' lang='lat' dir='ltr'><strong>‘Hugol</strong></span> <span class='ocrx_word' id='word_1_137' title='bbox 531 1975 593 2039; x_wconf 85' lang='lat' dir='ltr'><strong>Eia</strong></span> <span class='ocrx_word' id='word_1_138' title='bbox 613 1975 668 2040; x_wconf 76' lang='lat' dir='ltr'><strong>tur</strong></span> <span class='ocrx_word' id='word_1_139' title='bbox 687 1975 803 2059; x_wconf 87' lang='lat' dir='ltr'><strong>Hugo!</strong></span> <span class='ocrx_word' id='word_1_140' title='bbox 833 1975 969 2056; x_wconf 82' lang='lat' dir='ltr'><strong>Quantis</strong></span> <span class='ocrx_word' id='word_1_141' title='bbox 992 1975 1128 2042; x_wconf 84' lang='lat' dir='ltr'><strong>bonisa</strong></span> 
     </span>
     <span class='ocr_line' id='line_1_19' title="bbox 22 2057 1129 2152; baseline 0.008 -37"><span class='ocrx_word' id='word_1_142' title='bbox 22 2061 46 2116; x_wconf 86' lang='lat' dir='ltr'><strong>te</strong></span> <span class='ocrx_word' id='word_1_143' title='bbox 63 2059 218 2152; x_wconf 88' lang='lat' dir='ltr'><strong>privatus,</strong></span> <span class='ocrx_word' id='word_1_144' title='bbox 242 2059 368 2144; x_wconf 85' lang='lat' dir='ltr'><strong>quantis</strong></span> <span class='ocrx_word' id='word_1_145' title='bbox 383 2057 475 2122; x_wconf 83' lang='lat' dir='ltr'><strong>malis</strong></span> <span class='ocrx_word' id='word_1_146' title='bbox 492 2059 635 2135; x_wconf 87' lang='lat' dir='ltr'><strong>affectus,</strong></span> <span class='ocrx_word' id='word_1_147' title='bbox 658 2067 777 2145; x_wconf 89' lang='lat' dir='ltr'><strong>quanto</strong></span> <span class='ocrx_word' id='word_1_148' title='bbox 793 2060 889 2122; x_wconf 91' lang='lat' dir='ltr'><strong>etiam</strong></span> <span class='ocrx_word' id='word_1_149' title='bbox 905 2082 1028 2125; x_wconf 90' lang='lat' dir='ltr'><strong>merore</strong></span> <span class='ocrx_word' id='word_1_150' title='bbox 1042 2082 1129 2124; x_wconf 90' lang='lat' dir='ltr'><strong>nunc</strong></span> 
     </span>
     <span class='ocr_line' id='line_1_20' title="bbox 24 2133 1131 2228; baseline 0.008 -31"><span class='ocrx_word' id='word_1_151' title='bbox 24 2133 171 2206; x_wconf 84' lang='lat' dir='ltr'><strong>dstmeor!</strong></span> <span class='ocrx_word' id='word_1_152' title='bbox 217 2142 339 2207; x_wconf 89' lang='lat' dir='ltr'><strong>Urbem</strong></span> <span class='ocrx_word' id='word_1_153' title='bbox 371 2142 545 2208; x_wconf 89' lang='lat' dir='ltr'><strong>Remorum</strong></span> <span class='ocrx_word' id='word_1_154' title='bbox 576 2143 756 2228; x_wconf 89' lang='lat' dir='ltr'><strong>pervasisti.</strong></span> <span class='ocrx_word' id='word_1_155' title='bbox 810 2142 1003 2208; x_wconf 88' lang='lat' dir='ltr'><strong>Laudunum</strong></span> <span class='ocrx_word' id='word_1_156' title='bbox 1036 2145 1131 2208; x_wconf 93' lang='lat' dir='ltr'><strong>surri-</strong></span> 
     </span>
     <span class='ocr_line' id='line_1_21' title="bbox 23 2224 1130 2364; baseline 0.006 -81"><span class='ocrx_word' id='word_1_157' title='bbox 23 2224 114 2364; x_wconf 70' lang='lat' dir='ltr'><strong>puisti.</strong></span> <span class='ocrx_word' id='word_1_158' title='bbox 158 2226 224 2289; x_wconf 89' lang='lat' dir='ltr'><strong>His</strong></span> <span class='ocrx_word' id='word_1_159' title='bbox 244 2235 367 2290; x_wconf 88' lang='lat' dir='ltr'><strong>tanturn</strong></span> <span class='ocrx_word' id='word_1_160' title='bbox 389 2225 515 2290; x_wconf 89' lang='lat' dir='ltr'><strong>duobus</strong></span> <span class='ocrx_word' id='word_1_161' title='bbox 531 2226 719 2312; x_wconf 87' lang='lat' dir='ltr'><strong>recipiebar,</strong></span> <span class='ocrx_word' id='word_1_162' title='bbox 742 2227 791 2290; x_wconf 94' lang='lat' dir='ltr'><strong>his</strong></span> <span class='ocrx_word' id='word_1_163' title='bbox 806 2225 933 2291; x_wconf 91' lang='lat' dir='ltr'><strong>duobus</strong></span> <span class='ocrx_word' id='word_1_164' title='bbox 949 2225 1130 2290; x_wconf 87' lang='lat' dir='ltr'><strong>claudebar.</strong></span> 
     </span>
     <span class='ocr_line' id='line_1_22' title="bbox 45 2310 1130 2396; baseline 0.006 -28"><span class='ocrx_word' id='word_1_165' title='bbox 45 2317 104 2371; x_wconf 86' lang='lat' dir='ltr'><strong>ater</strong></span> <span class='ocrx_word' id='word_1_166' title='bbox 124 2331 220 2374; x_wconf 85' lang='lat' dir='ltr'><strong>meus</strong></span> <span class='ocrx_word' id='word_1_167' title='bbox 243 2321 356 2395; x_wconf 87' lang='lat' dir='ltr'><strong>captus</strong></span> <span class='ocrx_word' id='word_1_168' title='bbox 377 2321 472 2396; x_wconf 86' lang='lat' dir='ltr'><strong>atque</strong></span> <span class='ocrx_word' id='word_1_169' title='bbox 499 2311 533 2374; x_wconf 93' lang='lat' dir='ltr'><strong>in</strong></span> <span class='ocrx_word' id='word_1_170' title='bbox 559 2331 719 2374; x_wconf 86' lang='lat' dir='ltr'><strong>carcerem</strong></span> <span class='ocrx_word' id='word_1_171' title='bbox 748 2320 863 2392; x_wconf 90' lang='lat' dir='ltr'><strong>trusus,</strong></span> <span class='ocrx_word' id='word_1_172' title='bbox 895 2310 952 2374; x_wconf 89' lang='lat' dir='ltr'><strong>has</strong></span> <span class='ocrx_word' id='word_1_173' title='bbox 975 2331 1057 2395; x_wconf 86' lang='lat' dir='ltr'><strong>quae</strong></span> <span class='ocrx_word' id='word_1_174' title='bbox 1078 2331 1130 2374; x_wconf 89' lang='lat' dir='ltr'><strong>me</strong></span> 
     </span>
     <span class='ocr_line' id='line_1_23' title="bbox 24 2393 1131 2478; baseline 0.004 -27"><span class='ocrx_word' id='word_1_175' title='bbox 24 2406 159 2470; x_wconf 89' lang='lat' dir='ltr'><strong>premunt</strong></span> <span class='ocrx_word' id='word_1_176' title='bbox 183 2415 352 2458; x_wconf 88' lang='lat' dir='ltr'><strong>aerumnas</strong></span> <span class='ocrx_word' id='word_1_177' title='bbox 381 2416 455 2458; x_wconf 88' lang='lat' dir='ltr'><strong>cum</strong></span> <span class='ocrx_word' id='word_1_178' title='bbox 483 2395 591 2458; x_wconf 89' lang='lat' dir='ltr'><strong>anima</strong></span> <span class='ocrx_word' id='word_1_179' title='bbox 618 2393 712 2458; x_wconf 90' lang='lat' dir='ltr'><strong>simul</strong></span> <span class='ocrx_word' id='word_1_180' title='bbox 741 2394 855 2458; x_wconf 90' lang='lat' dir='ltr'><strong>amisit.</strong></span> <span class='ocrx_word' id='word_1_181' title='bbox 899 2393 970 2478; x_wconf 85' lang='lat' dir='ltr'><strong>Ego</strong></span> <span class='ocrx_word' id='word_1_182' title='bbox 992 2414 1067 2458; x_wconf 88' lang='lat' dir='ltr'><strong>vero</strong></span> <span class='ocrx_word' id='word_1_183' title='bbox 1095 2393 1131 2456; x_wconf 90' lang='lat' dir='ltr'><strong>in</strong></span> 
     </span>
     <span class='ocr_line' id='line_1_24' title="bbox 26 2473 1130 2565; baseline 0.001 -26"><span class='ocrx_word' id='word_1_184' title='bbox 26 2473 121 2540; x_wconf 81' lang='lat' dir='ltr'><strong>eadem</strong></span> <span class='ocrx_word' id='word_1_185' title='bbox 143 2478 367 2564; x_wconf 84' lang='lat' dir='ltr'><strong>precipitatus,</strong></span> <span class='ocrx_word' id='word_1_186' title='bbox 390 2502 432 2543; x_wconf 87' lang='lat' dir='ltr'><strong>ex</strong></span> <span class='ocrx_word' id='word_1_187' title='bbox 453 2501 552 2564; x_wconf 92' lang='lat' dir='ltr'><strong>regno</strong></span> <span class='ocrx_word' id='word_1_188' title='bbox 574 2489 708 2565; x_wconf 89' lang='lat' dir='ltr'><strong>paterno</strong></span> <span class='ocrx_word' id='word_1_189' title='bbox 729 2475 809 2541; x_wconf 92' lang='lat' dir='ltr'><strong>nihil</strong></span> <span class='ocrx_word' id='word_1_190' title='bbox 829 2476 891 2540; x_wconf 88' lang='lat' dir='ltr'><strong>nisi</strong></span> <span class='ocrx_word' id='word_1_191' title='bbox 912 2474 1130 2563; x_wconf 82' lang='lat' dir='ltr'><strong>spectaculum</strong></span> 
     </span>
     <span class='ocr_line' id='line_1_25' title="bbox 25 2559 1130 2650; baseline 0.004 -29"><span class='ocrx_word' id='word_1_192' title='bbox 25 2559 127 2650; x_wconf 83' lang='lat' dir='ltr'><strong>probeo</strong></span> <span class='ocrx_word' id='word_1_193' title='bbox 137 2573 161 2626; x_wconf 81' lang='lat'><strong>³.</strong></span> <span class='ocrx_word' id='word_1_194' title='bbox 206 2562 277 2625; x_wconf 88' lang='lat' dir='ltr'><strong>Iam</strong></span> <span class='ocrx_word' id='word_1_195' title='bbox 298 2584 358 2626; x_wconf 89' lang='lat' dir='ltr'><strong>nec</strong></span> <span class='ocrx_word' id='word_1_196' title='bbox 380 2563 487 2627; x_wconf 87' lang='lat' dir='ltr'><strong>vivere</strong></span> <span class='ocrx_word' id='word_1_197' title='bbox 509 2562 596 2644; x_wconf 89' lang='lat' dir='ltr'><strong>libet,</strong></span> <span class='ocrx_word' id='word_1_198' title='bbox 629 2584 689 2628; x_wconf 88' lang='lat' dir='ltr'><strong>nec</strong></span> <span class='ocrx_word' id='word_1_199' title='bbox 719 2561 819 2626; x_wconf 86' lang='lat' dir='ltr'><strong>emori</strong></span> <span class='ocrx_word' id='word_1_200' title='bbox 848 2559 932 2626; x_wconf 91' lang='lat' dir='ltr'><strong>licet.</strong></span> <span class='ocrx_word' id='word_1_201' title='bbox 984 2560 1130 2642; x_wconf 78' lang='lat' dir='ltr'><strong>Quone</strong></span> 
     </span>
     <span class='ocr_line' id='line_1_26' title="bbox 25 2644 1131 2745; baseline 0.002 -38"><span class='ocrx_word' id='word_1_202' title='bbox 25 2649 116 2735; x_wconf 64' lang='lat' dir='ltr'><strong>ltaque</strong></span> <span class='ocrx_word' id='word_1_203' title='bbox 138 2645 333 2710; x_wconf 78' lang='lat' dir='ltr'><strong>conferam&#39;?</strong></span> <span class='ocrx_word' id='word_1_204' title='bbox 354 2646 540 2734; x_wconf 85' lang='lat' dir='ltr'><strong>Paransque</strong></span> <span class='ocrx_word' id='word_1_205' title='bbox 563 2646 700 2745; x_wconf 89' lang='lat' dir='ltr'><strong>amplius</strong></span> <span class='ocrx_word' id='word_1_206' title='bbox 723 2644 884 2731; x_wconf 89' lang='lat' dir='ltr'><strong>conqueri,</strong></span> <span class='ocrx_word' id='word_1_207' title='bbox 906 2644 947 2709; x_wconf 90' lang='lat' dir='ltr'><strong>ab</strong></span> <span class='ocrx_word' id='word_1_208' title='bbox 963 2644 1131 2730; x_wconf 88' lang='lat' dir='ltr'><strong>indignan-</strong></span> 
     </span>
     <span class='ocr_line' id='line_1_27' title="bbox 26 2723 1130 2814; baseline 0.005 -26"><span class='ocrx_word' id='word_1_209' title='bbox 26 2723 95 2791; x_wconf 82' lang='lat' dir='ltr'><strong>obus</strong></span> <span class='ocrx_word' id='word_1_210' title='bbox 123 2728 280 2794; x_wconf 92' lang='lat' dir='ltr'><strong>inhibitus</strong></span> <span class='ocrx_word' id='word_1_211' title='bbox 310 2739 367 2794; x_wconf 90' lang='lat' dir='ltr'><strong>est.</strong></span> <span class='ocrx_word' id='word_1_212' title='bbox 418 2730 545 2795; x_wconf 88' lang='lat' dir='ltr'><strong>Deinde</strong></span> <span class='ocrx_word' id='word_1_213' title='bbox 574 2752 716 2796; x_wconf 86' lang='lat' dir='ltr'><strong>annuum</strong></span> <span class='ocrx_word' id='word_1_214' title='bbox 742 2738 933 2814; x_wconf 89' lang='lat' dir='ltr'><strong>temperans,</strong></span> <span class='ocrx_word' id='word_1_215' title='bbox 962 2728 1130 2794; x_wconf 87' lang='lat' dir='ltr'><strong>consilium</strong></span> 
     </span>
     <span class='ocr_line' id='line_1_28' title="bbox 25 2813 328 2878; baseline 0.026 -10"><span class='ocrx_word' id='word_1_216' title='bbox 25 2827 85 2873; x_wconf 89' lang='lat' dir='ltr'><strong>curn</strong></span> <span class='ocrx_word' id='word_1_217' title='bbox 106 2816 174 2877; x_wconf 90' lang='lat' dir='ltr'><strong>suis</strong></span> <span class='ocrx_word' id='word_1_218' title='bbox 197 2813 328 2878; x_wconf 89' lang='lat' dir='ltr'><strong>confert.</strong></span> 
     </span>
    </p>

    <p class='ocr_par' dir='ltr' id='par_1_7' title="bbox 26 2895 1133 3654">
     <span class='ocr_line' id='line_1_29' title="bbox 95 2895 1129 2983; baseline 0 -23"><span class='ocrx_word' id='word_1_219' title='bbox 95 2897 146 2962; x_wconf 80' lang='lat'><strong>53.</strong></span> <span class='ocrx_word' id='word_1_220' title='bbox 181 2897 255 2978; x_wconf 78' lang='lat' dir='ltr'><strong>Quo</strong></span> <span class='ocrx_word' id='word_1_221' title='bbox 285 2896 409 2980; x_wconf 89' lang='lat' dir='ltr'><strong>collato,</strong></span> <span class='ocrx_word' id='word_1_222' title='bbox 443 2897 555 2963; x_wconf 90' lang='lat' dir='ltr'><strong>Ottoni</strong></span> <span class='ocrx_word' id='word_1_223' title='bbox 585 2897 654 2982; x_wconf 92' lang='lat' dir='ltr'><strong>regi</strong></span> <span class='ocrx_word' id='word_1_224' title='bbox 686 2919 744 2981; x_wconf 90' lang='lat' dir='ltr'><strong>per</strong></span> <span class='ocrx_word' id='word_1_225' title='bbox 775 2895 898 2981; x_wconf 90' lang='lat' dir='ltr'><strong>legatos</strong></span> <span class='ocrx_word' id='word_1_226' title='bbox 931 2898 1129 2983; x_wconf 88' lang='lat' dir='ltr'><strong>ereptionem</strong></span> 
     </span>
     <span class='ocr_line' id='line_1_30' title="bbox 26 2979 1128 3066; baseline 0.005 -27"><span class='ocrx_word' id='word_1_227' title='bbox 26 2995 102 3042; x_wconf 84' lang='lat' dir='ltr'><strong>suern</strong></span> <span class='ocrx_word' id='word_1_228' title='bbox 123 2981 338 3064; x_wconf 80' lang='lat' dir='ltr'><strong>demonstrat3</strong></span> <span class='ocrx_word' id='word_1_229' title='bbox 364 2991 459 3045; x_wconf 86' lang='lat' dir='ltr'><strong>antea</strong></span> <span class='ocrx_word' id='word_1_230' title='bbox 479 3003 549 3047; x_wconf 88' lang='lat' dir='ltr'><strong>sese</strong></span> <span class='ocrx_word' id='word_1_231' title='bbox 571 2989 710 3066; x_wconf 90' lang='lat' dir='ltr'><strong>captum,</strong></span> <span class='ocrx_word' id='word_1_232' title='bbox 738 3001 824 3043; x_wconf 90' lang='lat' dir='ltr'><strong>nunc</strong></span> <span class='ocrx_word' id='word_1_233' title='bbox 852 2989 958 3045; x_wconf 86' lang='lat' dir='ltr'><strong>autern</strong></span> <span class='ocrx_word' id='word_1_234' title='bbox 980 2979 1128 3046; x_wconf 90' lang='lat' dir='ltr'><strong>omnibus</strong></span> 
     </span>
     <span class='ocr_line' id='line_1_31' title="bbox 26 3055 1130 3150; baseline 0.006 -29"><span class='ocrx_word' id='word_1_235' title='bbox 26 3055 104 3126; x_wconf 90' lang='lat' dir='ltr'><strong>bonis</strong></span> <span class='ocrx_word' id='word_1_236' title='bbox 125 3065 289 3150; x_wconf 89' lang='lat' dir='ltr'><strong>privatum</strong></span> <span class='ocrx_word' id='word_1_237' title='bbox 316 3074 536 3148; x_wconf 82' lang='lat' dir='ltr'><strong>memorsns⁴3</strong></span> <span class='ocrx_word' id='word_1_238' title='bbox 569 3064 653 3129; x_wconf 91' lang='lat' dir='ltr'><strong>unde</strong></span> <span class='ocrx_word' id='word_1_239' title='bbox 681 3073 712 3129; x_wconf 89' lang='lat' dir='ltr'><strong>et</strong></span> <span class='ocrx_word' id='word_1_240' title='bbox 737 3065 841 3128; x_wconf 89' lang='lat' dir='ltr'><strong>amico</strong></span> <span class='ocrx_word' id='word_1_241' title='bbox 871 3062 1028 3128; x_wconf 89' lang='lat' dir='ltr'><strong>auxilium</strong></span> <span class='ocrx_word' id='word_1_242' title='bbox 1056 3086 1130 3129; x_wconf 92' lang='lat' dir='ltr'><strong>con-</strong></span> 
     </span>
     <span class='ocr_line' id='line_1_32' title="bbox 27 3139 1131 3236; baseline 0.008 -35"><span class='ocrx_word' id='word_1_243' title='bbox 27 3139 108 3229; x_wconf 80' lang='lat' dir='ltr'><strong>ferat3</strong></span> <span class='ocrx_word' id='word_1_244' title='bbox 141 3146 239 3214; x_wconf 92' lang='lat' dir='ltr'><strong>urbes</strong></span> <span class='ocrx_word' id='word_1_245' title='bbox 269 3149 404 3213; x_wconf 86' lang='lat' dir='ltr'><strong>amissas</strong></span> <span class='ocrx_word' id='word_1_246' title='bbox 433 3157 577 3236; x_wconf 89' lang='lat' dir='ltr'><strong>repetere</strong></span> <span class='ocrx_word' id='word_1_247' title='bbox 598 3149 703 3231; x_wconf 80' lang='lat' dir='ltr'><strong>iuvet3</strong></span> <span class='ocrx_word' id='word_1_248' title='bbox 737 3149 764 3211; x_wconf 93' lang='lat' dir='ltr'><strong>si</strong></span> <span class='ocrx_word' id='word_1_249' title='bbox 792 3147 827 3211; x_wconf 90' lang='lat' dir='ltr'><strong>id</strong></span> <span class='ocrx_word' id='word_1_250' title='bbox 855 3147 966 3232; x_wconf 86' lang='lat' dir='ltr'><strong>faciat,</strong></span> <span class='ocrx_word' id='word_1_251' title='bbox 993 3149 1131 3234; x_wconf 85' lang='lat' dir='ltr'><strong>gratiam</strong></span> 
     </span>
     <span class='ocr_line' id='line_1_33' title="bbox 28 3227 1132 3320; baseline 0.005 -32"><span class='ocrx_word' id='word_1_252' title='bbox 28 3227 145 3296; x_wconf 86' lang='lat' dir='ltr'><strong>multam</strong></span> <span class='ocrx_word' id='word_1_253' title='bbox 169 3254 238 3298; x_wconf 90' lang='lat' dir='ltr'><strong>sese</strong></span> <span class='ocrx_word' id='word_1_254' title='bbox 253 3231 327 3297; x_wconf 91' lang='lat' dir='ltr'><strong>inde</strong></span> <span class='ocrx_word' id='word_1_255' title='bbox 342 3242 667 3320; x_wconf 86' lang='lat' dir='ltr'><strong>recompensaturum.</strong></span> <span class='ocrx_word' id='word_1_256' title='bbox 712 3230 788 3296; x_wconf 88' lang='lat' dir='ltr'><strong>Otto</strong></span> <span class='ocrx_word' id='word_1_257' title='bbox 804 3230 1032 3316; x_wconf 91' lang='lat' dir='ltr'><strong>benignissime</strong></span> <span class='ocrx_word' id='word_1_258' title='bbox 1046 3229 1132 3314; x_wconf 91' lang='lat' dir='ltr'><strong>lega·</strong></span> 
     </span>
     <span class='ocr_line' id='line_1_34' title="bbox 28 3310 1133 3404; baseline 0.002 -30"><span class='ocrx_word' id='word_1_259' title='bbox 28 3310 132 3379; x_wconf 81' lang='lat' dir='ltr'><strong>tionem</strong></span> <span class='ocrx_word' id='word_1_260' title='bbox 156 3318 331 3404; x_wconf 88' lang='lat' dir='ltr'><strong>excipiens,</strong></span> <span class='ocrx_word' id='word_1_261' title='bbox 358 3338 431 3380; x_wconf 91' lang='lat' dir='ltr'><strong>cum</strong></span> <span class='ocrx_word' id='word_1_262' title='bbox 460 3317 561 3402; x_wconf 88' lang='lat' dir='ltr'><strong>copiis</strong></span> <span class='ocrx_word' id='word_1_263' title='bbox 590 3317 625 3380; x_wconf 92' lang='lat' dir='ltr'><strong>in</strong></span> <span class='ocrx_word' id='word_1_264' title='bbox 652 3315 737 3399; x_wconf 88' lang='lat' dir='ltr'><strong>regis</strong></span> <span class='ocrx_word' id='word_1_265' title='bbox 765 3313 922 3379; x_wconf 88' lang='lat' dir='ltr'><strong>auxilium</strong></span> <span class='ocrx_word' id='word_1_266' title='bbox 951 3336 984 3379; x_wconf 88' lang='lat' dir='ltr'><strong>se</strong></span> <span class='ocrx_word' id='word_1_267' title='bbox 1013 3317 1133 3378; x_wconf 90' lang='lat' dir='ltr'><strong>iturum</strong></span> 
     </span>
     <span class='ocr_line' id='line_1_35' title="bbox 29 3396 1133 3487; baseline 0.002 -29"><span class='ocrx_word' id='word_1_268' title='bbox 29 3398 151 3478; x_wconf 86' lang='lat' dir='ltr'><strong>spondet</strong></span> <span class='ocrx_word' id='word_1_269' title='bbox 187 3421 226 3466; x_wconf 87' lang='lat' dir='ltr'><strong>ac</strong></span> <span class='ocrx_word' id='word_1_270' title='bbox 258 3411 384 3487; x_wconf 85' lang='lat' dir='ltr'><strong>tempus</strong></span> <span class='ocrx_word' id='word_1_271' title='bbox 418 3400 524 3466; x_wconf 83' lang='lat' dir='ltr'><strong>edicit.</strong></span> <span class='ocrx_word' id='word_1_272' title='bbox 582 3399 696 3486; x_wconf 87' lang='lat' dir='ltr'><strong>Legati</strong></span> <span class='ocrx_word' id='word_1_273' title='bbox 733 3397 868 3463; x_wconf 89' lang='lat' dir='ltr'><strong>redeunt</strong></span> <span class='ocrx_word' id='word_1_274' title='bbox 909 3420 948 3462; x_wconf 87' lang='lat' dir='ltr'><strong>ac</strong></span> <span class='ocrx_word' id='word_1_275' title='bbox 981 3396 1133 3462; x_wconf 87' lang='lat' dir='ltr'><strong>mandata</strong></span> 
     </span>
     <span class='ocr_line' id='line_1_36' title="bbox 30 3478 1132 3570; baseline 0.006 -33"><span class='ocrx_word' id='word_1_276' title='bbox 30 3478 164 3549; x_wconf 88' lang='lat' dir='ltr'><strong>referunt.</strong></span> <span class='ocrx_word' id='word_1_277' title='bbox 219 3484 287 3548; x_wconf 89' lang='lat' dir='ltr'><strong>Nec</strong></span> <span class='ocrx_word' id='word_1_278' title='bbox 315 3486 422 3548; x_wconf 89' lang='lat' dir='ltr'><strong>minus</strong></span> <span class='ocrx_word' id='word_1_279' title='bbox 451 3493 482 3549; x_wconf 87' lang='lat' dir='ltr'><strong>et</strong></span> <span class='ocrx_word' id='word_1_280' title='bbox 507 3483 571 3549; x_wconf 75' lang='lat' dir='ltr'><strong>ab⁸</strong></span> <span class='ocrx_word' id='word_1_281' title='bbox 599 3507 674 3570; x_wconf 88' lang='lat' dir='ltr'><strong>rege</strong></span> <span class='ocrx_word' id='word_1_282' title='bbox 704 3481 953 3547; x_wconf 81' lang='lat' dir='ltr'><strong>Genaunorum⁵</strong></span> <span class='ocrx_word' id='word_1_283' title='bbox 983 3478 1132 3546; x_wconf 85' lang='lat' dir='ltr'><strong>Conrado</strong></span> 
     </span>
     <span class='ocr_line' id='line_1_37' title="bbox 29 3566 432 3654; baseline 0.01 -26"><span class='ocrx_word' id='word_1_284' title='bbox 29 3566 125 3649; x_wconf 79' lang='lat' dir='ltr'><strong>copias</strong></span> <span class='ocrx_word' id='word_1_285' title='bbox 147 3570 231 3654; x_wconf 88' lang='lat' dir='ltr'><strong>petit</strong></span> <span class='ocrx_word' id='word_1_286' title='bbox 252 3579 283 3634; x_wconf 92' lang='lat' dir='ltr'><strong>et</strong></span> <span class='ocrx_word' id='word_1_287' title='bbox 304 3568 432 3654; x_wconf 90' lang='lat' dir='ltr'><strong>accipit.</strong></span> 
     </span>
    </p>
   </div>
   <div class='ocr_carea' id='block_1_6' title="bbox 91 3727 1136 3870">
    <p class='ocr_par' dir='ltr' id='par_1_8' title="bbox 91 3727 1136 3870">
     <span class='ocr_line' id='line_1_38' title="bbox 91 3727 1136 3798; baseline -0.005 -15"><span class='ocrx_word' id='word_1_288' title='bbox 91 3727 114 3796; x_wconf 79' lang='lat'><strong>&#39;)</strong></span> <span class='ocrx_word' id='word_1_289' title='bbox 133 3731 275 3794; x_wconf 86' lang='lat' dir='ltr'><strong>Quomodo</strong></span> <span class='ocrx_word' id='word_1_290' title='bbox 295 3733 365 3783; x_wconf 86' lang='lat' dir='ltr'><strong>enim</strong></span> <span class='ocrx_word' id='word_1_291' title='bbox 384 3737 455 3782; x_wconf 85' lang='lat' dir='ltr'><strong>stare</strong></span> <span class='ocrx_word' id='word_1_292' title='bbox 477 3736 573 3798; x_wconf 85' lang='lat' dir='ltr'><strong>potest,</strong></span> <span class='ocrx_word' id='word_1_293' title='bbox 599 3745 678 3796; x_wconf 87' lang='lat' dir='ltr'><strong>quom</strong></span> <span class='ocrx_word' id='word_1_294' title='bbox 697 3729 821 3782; x_wconf 86' lang='lat' dir='ltr'><strong>socordia</strong></span> <span class='ocrx_word' id='word_1_295' title='bbox 846 3730 990 3797; x_wconf 74' lang='lat' dir='ltr'><strong>precipitat</strong></span> <span class='ocrx_word' id='word_1_296' title='bbox 1016 3728 1080 3781; x_wconf 68' lang='lat' dir='ltr'><strong>aad.</strong></span> <span class='ocrx_word' id='word_1_297' title='bbox 1104 3730 1136 3794; x_wconf 81' lang='lat'><strong>13</strong></span> 
     </span>
     <span class='ocr_line' id='line_1_39' title="bbox 136 3801 627 3870; baseline -0.008 -14"><span class='ocrx_word' id='word_1_298' title='bbox 136 3805 233 3856; x_wconf 79' lang='lat' dir='ltr'><strong>desunt</strong></span> <span class='ocrx_word' id='word_1_299' title='bbox 253 3803 330 3856; x_wconf 80' lang='lat' dir='ltr'><strong>etiam</strong></span> <span class='ocrx_word' id='word_1_300' title='bbox 349 3803 424 3870; x_wconf 81' lang='lat' dir='ltr'><strong>apud</strong></span> <span class='ocrx_word' id='word_1_301' title='bbox 447 3801 627 3855; x_wconf 80' lang='lat' dir='ltr'><strong>Tritbemium.</strong></span> 
     </span>
    </p>
   </div>
   <div class='ocr_carea' id='block_1_7' title="bbox 33 3926 1136 4042">
    <p class='ocr_par' dir='ltr' id='par_1_9' title="bbox 33 3926 1136 4042">
     <span class='ocr_line' id='line_1_40' title="bbox 80 3926 1136 3982; baseline -0.001 -13"><span class='ocrx_word' id='word_1_302' title='bbox 80 3928 165 3982; x_wconf 54' lang='grc' dir='ltr'><strong>θροεῖ</strong></span> <span class='ocrx_word' id='word_1_303' title='bbox 180 3932 229 3973; x_wconf 80' lang='lat' dir='ltr'><strong>add.</strong></span> <span class='ocrx_word' id='word_1_304' title='bbox 289 3929 313 3982; x_wconf 92' lang='lat' dir='ltr'><strong>b)</strong></span> <span class='ocrx_word' id='word_1_305' title='bbox 330 3941 390 3980; x_wconf 75' lang='lat' dir='ltr'><strong>quas</strong></span> <span class='ocrx_word' id='word_1_306' title='bbox 405 3933 425 3970; x_wconf 85' lang='lat'><strong>1.</strong></span> <span class='ocrx_word' id='word_1_307' title='bbox 444 3930 512 3972; x_wconf 69' lang='lat' dir='ltr'><strong>rrae.</strong></span> <span class='ocrx_word' id='word_1_308' title='bbox 572 3929 594 3981; x_wconf 91' lang='lat' dir='ltr'><strong>c)</strong></span> <span class='ocrx_word' id='word_1_309' title='bbox 606 3941 635 3972; x_wconf 89' lang='lat' dir='ltr'><strong>rn.</strong></span> <span class='ocrx_word' id='word_1_310' title='bbox 647 3933 770 3980; x_wconf 72' lang='lat' dir='ltr'><strong>componat</strong></span> <span class='ocrx_word' id='word_1_311' title='bbox 782 3931 802 3972; x_wconf 88' lang='lat'><strong>1.</strong></span> <span class='ocrx_word' id='word_1_312' title='bbox 855 3926 879 3981; x_wconf 88' lang='lat' dir='ltr'><strong>d)</strong></span> <span class='ocrx_word' id='word_1_313' title='bbox 895 3929 1014 3972; x_wconf 68' lang='lat' dir='ltr'><strong>heduos</strong></span> <span class='ocrx_word' id='word_1_314' title='bbox 1030 3938 1103 3978; x_wconf 68' lang='lat' dir='ltr'><strong>ragno</strong></span> <span class='ocrx_word' id='word_1_315' title='bbox 1115 3929 1136 3968; x_wconf 86' lang='lat'><strong>1.</strong></span> 
     </span>
     <span class='ocr_line' id='line_1_41' title="bbox 33 3980 479 4042; baseline -0.002 -10"><span class='ocrx_word' id='word_1_316' title='bbox 33 3980 49 4032; x_wconf 75' lang='grc' dir='ltr'><strong>ε)</strong></span> <span class='ocrx_word' id='word_1_317' title='bbox 62 3990 101 4040; x_wconf 71' lang='lat' dir='ltr'><strong>pri,</strong></span> <span class='ocrx_word' id='word_1_318' title='bbox 116 3991 208 4042; x_wconf 74' lang='lat' dir='ltr'><strong>ugonis,</strong></span> <span class='ocrx_word' id='word_1_319' title='bbox 224 4001 254 4032; x_wconf 89' lang='lat' dir='ltr'><strong>ns</strong></span> <span class='ocrx_word' id='word_1_320' title='bbox 269 3990 327 4033; x_wconf 78' lang='lat' dir='ltr'><strong>absc.</strong></span> <span class='ocrx_word' id='word_1_321' title='bbox 386 3987 403 4042; x_wconf 75' lang='lat' dir='ltr'><strong>A</strong></span> <span class='ocrx_word' id='word_1_322' title='bbox 418 3992 442 4031; x_wconf 84' lang='lat' dir='ltr'><strong>te</strong></span> <span class='ocrx_word' id='word_1_323' title='bbox 459 3992 479 4031; x_wconf 94' lang='lat'><strong>1.</strong></span> 
     </span>
    </p>
   </div>
   <div class='ocr_carea' id='block_1_8' title="bbox 34 4094 1135 4242">
    <p class='ocr_par' dir='ltr' id='par_1_10' title="bbox 34 4094 1135 4242">
     <span class='ocr_line' id='line_1_42' title="bbox 95 4094 1135 4169; baseline -0.012 -12"><span class='ocrx_word' id='word_1_324' title='bbox 95 4100 122 4169; x_wconf 90' lang='lat'><strong>1)</strong></span> <span class='ocrx_word' id='word_1_325' title='bbox 141 4105 232 4157; x_wconf 83' lang='lat' dir='ltr'><strong>Verba</strong></span> <span class='ocrx_word' id='word_1_326' title='bbox 247 4109 308 4155; x_wconf 87' lang='lat' dir='ltr'><strong>sunt</strong></span> <span class='ocrx_word' id='word_1_327' title='bbox 321 4102 439 4167; x_wconf 77' lang='lat' dir='ltr'><strong>Sallusti,</strong></span> <span class='ocrx_word' id='word_1_328' title='bbox 457 4101 564 4154; x_wconf 80' lang='lat' dir='ltr'><strong>Catilo</strong></span> <span class='ocrx_word' id='word_1_329' title='bbox 584 4101 628 4152; x_wconf 71' lang='lat'><strong>44.</strong></span> <span class='ocrx_word' id='word_1_330' title='bbox 692 4100 721 4168; x_wconf 79' lang='lat'><strong>2)</strong></span> <span class='ocrx_word' id='word_1_331' title='bbox 740 4102 818 4152; x_wconf 85' lang='lat' dir='ltr'><strong>Haec</strong></span> <span class='ocrx_word' id='word_1_332' title='bbox 833 4099 971 4151; x_wconf 81' lang='lat' dir='ltr'><strong>Ricbsms.</strong></span> <span class='ocrx_word' id='word_1_333' title='bbox 1029 4094 1059 4162; x_wconf 81' lang='lat'><strong>3)</strong></span> <span class='ocrx_word' id='word_1_334' title='bbox 1076 4095 1135 4147; x_wconf 82' lang='lat' dir='ltr'><strong>Sol·</strong></span> 
     </span>
     <span class='ocr_line' id='line_1_43' title="bbox 34 4165 1135 4242; baseline -0.006 -16"><span class='ocrx_word' id='word_1_335' title='bbox 34 4165 127 4227; x_wconf 75' lang='lat' dir='ltr'><strong>lusum</strong></span> <span class='ocrx_word' id='word_1_336' title='bbox 152 4178 286 4240; x_wconf 76' lang='lat' dir='ltr'><strong>imitator,</strong></span> <span class='ocrx_word' id='word_1_337' title='bbox 308 4178 369 4242; x_wconf 82' lang='lat' dir='ltr'><strong>Iug.</strong></span> <span class='ocrx_word' id='word_1_338' title='bbox 396 4191 420 4228; x_wconf 87' lang='lat' dir='ltr'><strong>c.</strong></span> <span class='ocrx_word' id='word_1_339' title='bbox 441 4176 489 4239; x_wconf 83' lang='lat' dir='ltr'><strong>lt,</strong></span> <span class='ocrx_word' id='word_1_340' title='bbox 515 4175 559 4226; x_wconf 78' lang='lat'><strong>2³.</strong></span> <span class='ocrx_word' id='word_1_341' title='bbox 579 4174 623 4226; x_wconf 77' lang='lat'><strong>24.</strong></span> <span class='ocrx_word' id='word_1_342' title='bbox 707 4171 736 4239; x_wconf 81' lang='lat'><strong>4)</strong></span> <span class='ocrx_word' id='word_1_343' title='bbox 762 4169 944 4236; x_wconf 81' lang='lat' dir='ltr'><strong>Flodoardus,</strong></span> <span class='ocrx_word' id='word_1_344' title='bbox 969 4170 1135 4235; x_wconf 84' lang='lat' dir='ltr'><strong>Gerbergsm</strong></span> 
     </span>
    </p>
   </div>
   <div class='ocr_carea' id='block_1_9' title="bbox 36 4241 1136 4540">
    <p class='ocr_par' dir='ltr' id='par_1_11' title="bbox 36 4241 1136 4540">
     <span class='ocr_line' id='line_1_44' title="bbox 36 4241 1136 4315; baseline -0.003 -18"><span class='ocrx_word' id='word_1_345' title='bbox 36 4247 140 4309; x_wconf 78' lang='lat' dir='ltr'><strong>reginam</strong></span> <span class='ocrx_word' id='word_1_346' title='bbox 161 4251 268 4303; x_wconf 87' lang='lat' dir='ltr'><strong>Ottonis</strong></span> <span class='ocrx_word' id='word_1_347' title='bbox 287 4250 415 4301; x_wconf 78' lang='lat' dir='ltr'><strong>auxilium</strong></span> <span class='ocrx_word' id='word_1_348' title='bbox 434 4247 600 4315; x_wconf 80' lang='lat' dir='ltr'><strong>implorasse,</strong></span> <span class='ocrx_word' id='word_1_349' title='bbox 620 4251 719 4298; x_wconf 80' lang='lat' dir='ltr'><strong>narrat.</strong></span> <span class='ocrx_word' id='word_1_350' title='bbox 803 4242 833 4313; x_wconf 81' lang='lat' dir='ltr'><strong>b)</strong></span> <span class='ocrx_word' id='word_1_351' title='bbox 860 4242 964 4295; x_wconf 79' lang='lat' dir='ltr'><strong>Galliae</strong></span> <span class='ocrx_word' id='word_1_352' title='bbox 984 4241 1136 4309; x_wconf 68' lang='lat' dir='ltr'><strong>Cisalpinae</strong></span> 
     </span>
     <span class='ocr_line' id='line_1_45' title="bbox 37 4311 1136 4389; baseline -0.002 -19"><span class='ocrx_word' id='word_1_353' title='bbox 37 4311 110 4379; x_wconf 79' lang='lat' dir='ltr'><strong>Flod..</strong></span> <span class='ocrx_word' id='word_1_354' title='bbox 128 4322 157 4373; x_wconf 89' lang='lat' dir='ltr'><strong>id</strong></span> <span class='ocrx_word' id='word_1_355' title='bbox 177 4329 219 4375; x_wconf 82' lang='lat' dir='ltr'><strong>est</strong></span> <span class='ocrx_word' id='word_1_356' title='bbox 237 4323 418 4389; x_wconf 79' lang='lat' dir='ltr'><strong>Burgundios.</strong></span> <span class='ocrx_word' id='word_1_357' title='bbox 462 4322 593 4385; x_wconf 85' lang='lat' dir='ltr'><strong>Genauni,</strong></span> <span class='ocrx_word' id='word_1_358' title='bbox 611 4321 755 4372; x_wconf 81' lang='lat' dir='ltr'><strong>Raetorum</strong></span> <span class='ocrx_word' id='word_1_359' title='bbox 775 4316 898 4387; x_wconf 89' lang='lat' dir='ltr'><strong>populus,</strong></span> <span class='ocrx_word' id='word_1_360' title='bbox 924 4333 968 4385; x_wconf 81' lang='lat' dir='ltr'><strong>ap.</strong></span> <span class='ocrx_word' id='word_1_361' title='bbox 984 4317 1136 4381; x_wconf 76' lang='lat' dir='ltr'><strong>Horatium,</strong></span> 
     </span>
     <span class='ocr_line' id='line_1_46' title="bbox 37 4384 908 4540; baseline -0.001 -96"><span class='ocrx_word' id='word_1_362' title='bbox 37 4384 113 4448; x_wconf 67' lang='lat' dir='ltr'><strong>earn.</strong></span> <span class='ocrx_word' id='word_1_363' title='bbox 133 4396 180 4460; x_wconf 85' lang='lat' dir='ltr'><strong>lv,</strong></span> <span class='ocrx_word' id='word_1_364' title='bbox 202 4396 245 4460; x_wconf 78' lang='lat'><strong>14,</strong></span> <span class='ocrx_word' id='word_1_365' title='bbox 265 4395 401 4463; x_wconf 80' lang='lat' dir='ltr'><strong>leguntur3</strong></span> <span class='ocrx_word' id='word_1_366' title='bbox 422 4395 456 4447; x_wconf 82' lang='lat' dir='ltr'><strong>cf.</strong></span> <span class='ocrx_word' id='word_1_367' title='bbox 476 4395 559 4446; x_wconf 83' lang='lat' dir='ltr'><strong>Zeuss</strong></span> <span class='ocrx_word' id='word_1_368' title='bbox 578 4411 605 4460; x_wconf 90' lang='lat' dir='ltr'><strong>p.</strong></span> <span class='ocrx_word' id='word_1_369' title='bbox 625 4394 688 4445; x_wconf 77' lang='grc'><strong>237.</strong></span> <span class='ocrx_word' id='word_1_370' title='bbox 887 4474 908 4540; x_wconf 78' lang='lat'>5</span> 
     </span>
    </p>
   </div>
   <div class='ocr_carea' id='block_1_10' title="bbox 0 0 1487 5016">
    <p class='ocr_par' dir='ltr' id='par_1_12' title="bbox 0 0 1487 5016">
     <span class='ocr_line' id='line_1_47' title="bbox 0 0 1487 5016; baseline 0 0"><span class='ocrx_word' id='word_1_371' title='bbox 0 0 1487 5016; x_wconf 95' lang='lat' dir='ltr'><strong> </strong></span> 
     </span>
    </p>
   </div>
  </div>
 </body>
</html>
