2938 5016
260 430 413 482 RIOHERI
431 431 682 484 HISTORIARUM
701 432 803 484 LIBRI
822 432 890 488 ΙΙΙΙ.
1092 433 1131 484 IX

25 600 141 664 mutta¹
170 602 207 664 in
237 600 377 664 historia
398 599 560 665 Ludooici
581 599 640 680 IV,
667 601 723 664 cui
744 609 773 662 et
793 599 930 664 Richeri
955 609 1087 684 patrem
1109 623 1131 664 a

25 683 160 749 consitiis
170 683 284 769 fuisse
306 685 461 764 dicimus,
484 693 512 748 et
527 687 622 770 cnjus
638 693 780 747 entrema
794 684 865 768 ipse
877 684 1028 768 fortasse
1044 707 1131 769 puer

24 770 104 833 uidit.
147 769 188 832 In
212 769 274 832 trac
296 769 402 854 iqitur
423 771 531 852 operis
547 776 648 853 parte
669 769 718 831 ita
731 767 979 916 procedendum
1000 777 1056 850 eet,
1083 778 1128 850 ut,

25 853 159 916 adhibito
180 849 381 932 Hadoardn
404 854 554 935 primum
576 852 657 936 quid
679 853 709 915 ei
754 851 885 914 ebeatur
906 862 964 916 aut
992 855 1130 917 nonnisi

20 959 75 1019 pro
106 937 335 1000 commentario
369 938 438 1021 ejus
473 936 656 1000 habendum
689 936 731 999 eit
761 935 976 1022 inteiliqatur‚
1014 935 1130 1000 deinde

25 1019 213 1106 reliquorum
235 1024 272 1085 in
286 1019 397 1101 fldem,
429 1020 574 1084 auctoris
600 1017 864 1104 uaniloquentiae
887 1043 926 1083 ac
948 1020 1047 1083 nimii
1066 1043 1127 1104 po-

25 1105 98 1168 tn'ae
112 1105 217 1169 studii
233 1107 363 1168 ratione
377 1103 501 1184 habita,
524 1105 727 1187 inquiratur.
773 1101 848 1176 Qua
863 1106 919 1166 uio
934 1102 1005 1167 licet
1020 1125 1130 1167 eorum

25 1210 149 1272 quoquc,
171 1211 256 1273 quae
278 1210 318 1251 en
330 1187 485 1272 fontibus
508 1187 601 1251 nobis
623 1189 803 1274 incoquitis
815 1188 999 1272 fluoceruut,
1023 1197 1129 1251 aucto-

24 1273 97 1335 ritas
119 1272 315 1357 aliquotiens
336 1271 445 1355 infrin
471 1281 548 1335 atur
558 1283 580 1352 ²,
609 1294 649 1334 en
671 1281 777 1336 tamen
801 1271 846 1335 ad
867 1272 1037 1336 historiam
1058 1293 1129 1334 sne·

25 1354 82 1418 sitii
112 1357 231 1420 decimi
265 1295 512 1442 intelliqendam
571 1355 725 1420 intimam
764 1357 941 1420 conducere
976 1357 1128 1440 reperies.

24 1437 128 1503 Altera
151 1441 261 1523 operis
280 1461 375 1523 pars,
397 1439 476 1503 iibri
490 1440 553 1502 ΙΙ.
577 1462 615 1503 ca
642 1441 690 1502 ita
712 1439 868 1502 22-110.
891 1451 920 1503 et
940 1437 1059 1503 librum
1071 1439 1128 1503 IV.

24 1522 192 1607 complana,
209 1525 431 1608 praecipuam
453 1523 517 1587 sibi
537 1462 669 1588 tandin
689 1523 902 1607 comparabit,
924 1527 1047 1608 quippe
1062 1546 1129 1608 quo

25 1617 129 1671 amtor
150 1629 246 1671 suum
268 1616 392 1692 tempus
414 1616 443 1672 et
464 1629 525 1688 res,
554 1630 637 1708 quas
659 1609 730 1693 ipse
751 1616 903 1692 oupertus
923 1606 1045 1691 fuerat
1072 1616 1130 1670 aut

25 1688 222 1771 oGerberto,
256 1693 366 1775 operis
396 1691 558 1755 scribendi
589 1714 732 1773 suasore,
766 1693 945 1772 didicerat,
978 1690 1129 1773 coridide,

19 1777 184 1859 perspicue
201 1784 231 1839 et
246 1783 397 1838 accurate
412 1776 614 1859 conscripsit.
658 1775 770 1840 Laudi
791 1775 924 1856 accedit,
947 1776 1033 1862 quod
1056 1777 1128 1838 ani-

23 1880 101 1921 num
114 1859 314 1924 Korolorum
336 1859 518 1922 studiosum
539 1859 588 1922 oet
604 1868 681 1943 post
694 1861 829 1924 enitium
844 1882 954 1924 eorum
968 1861 1109 1924 seruauit
1116 1881 1128 1940 ,·

23 1964 92 2004 nam
112 1941 185 2006 iicet
205 1941 442 2006 Adalberonem
465 1953 493 2006 et
515 1941 703 2007 Gerbertum
725 1953 862 2024 secutus,
891 1966 1006 2029 requm
1030 1965 1127 2007 nouo-

23 2047 88 2088 rum
110 2029 335 2091 auctoritatem
358 2036 579 2112 oqnosceret⁸,
614 2036 642 2090 et
663 2029 803 2114 tyranni
830 2027 1030 2108 uocabulum,
1065 2049 1127 2110 quo

24 2119 112 2173 antea
133 2109 261 2174 rebelles
283 2119 313 2173 et
334 2111 533 2174 desertores⁴
554 2110 674 2175 Karoli
695 2121 723 2176 et
745 2111 905 2175 Ludouioi
932 2133 1129 2195 nuncupare

23 2191 128 2257 solitus
139 2193 299 2278 fuerat⁵,
328 2195 406 2258 inde
429 2195 469 2258 ab
492 2196 647 2280 Huqonis
675 2198 882 2260 coronatione
908 2197 945 2259 in
967 2195 1128 2258 Karoium

22 2276 245 2362 tranqserreti,
274 2280 344 2364 ejus
371 2287 479 2343 tamen
507 2301 627 2342 causae
641 2281 810 2364 justitiam
831 2280 962 2341 minime
984 2278 1128 2357 celauit⁷‚

23 2369 46 2421 et
59 2360 276 2426 Adulteronis
290 2362 524 2427 Laudunensis
539 2365 686 2448 episcopi
696 2362 918 2447 proditionem
934 2361 1128 2424 narratione

22 2446 90 2527 ipso
112 2469 210 2531 quam
233 2449 388 2510 acerrime
408 2446 488 2527 fieri
503 2455 635 2532 poterat
656 2445 872 2531 reprehendit.
916 2445 957 2508 In
980 2444 1128 2509 conciliis

23 2529 61 2591 ad
82 2528 241 2594 Sanctam
269 2529 429 2594 Boeotum
461 2540 490 2592 et
516 2531 713 2594 Mosomensi
743 2529 922 2594 scribendis
955 2552 1026 2592 cum
1049 2526 1128 2592 Ger-

23 2610 99 2676 berto
121 2615 158 2677 in
180 2615 370 2678 uniuersum
391 2616 553 2699 conqruit,
583 2614 746 2698 quaedam
768 2637 789 2676 a
812 2611 963 2678 Gerberto
986 2614 1127 2677 oinissa⁸

17 2695 149 2779 properi,
179 2700 289 2762 omnio
315 2707 432 2778 tomen,
456 2708 492 2761 ut
514 2700 623 2784 operis
650 2699 834 2762 institutum
862 2697 1026 2783 poscebat,
1052 2698 1128 2761 bene

22 2790 167 2866 concepto
189 2783 349 2846 succincte
370 2784 530 2868 enposuit.
573 2781 657 2845 Acta
681 2782 721 2845 ab
744 2791 880 2868 utroque
900 2784 1024 2846 inserto
1039 2804 1128 2866 pau-

22 2864 154 2928 cissimis
175 2874 204 2929 et
225 2865 350 2930 nullius
372 2868 522 2929 momenti
548 2866 679 2930 uocibus
710 2865 908 2950 discrepant,
939 2866 996 2930 irbi
1017 2867 1127 2950 cujus-

21 2968 91 3010 nam
114 2951 294 3012 auctoritas
311 2949 516 3034 praevaleat,
539 2950 631 3013 haud
651 2949 759 3034 liquet.

102 3032 194 3177 Opus
222 3035 328 3118 iqitur
357 3035 404 3097 ad
431 3031 555 3098 lancem
586 3055 769 3118 appensum
798 3041 961 3097 auctorem
992 3032 1129 3096 ostendit

20 3113 207 3197 tenesmum,
234 3139 377 3202 qraoem,
406 3139 567 3202 capacem,
597 3118 695 3180 uaria
724 3117 919 3181 eruditionis
946 3118 1050 3201 specie
1076 3117 1127 3179 in-

20 3207 178 3280 structum,
206 3222 317 3264 rerum
338 3202 375 3264 in
398 3224 519 3266 causas
546 3202 712 3286 inquirere
740 3200 879 3281 solitum,
908 3201 1073 3264 homiuum
1100 3208 1129 3260 et

19 3304 122 3346 rerum
144 3285 202 3368 qui
224 3285 270 3348 ad
291 3285 462 3349 historiam
476 3285 531 3347 sui
547 3287 701 3384 temporis
712 3283 868 3368 facerent
883 3285 959 3348 bene
974 3305 1128 3368 quarum,

19 3369 132 3452 quique
161 3368 383 3432 Romanorum
412 3368 556 3453 enemplo
585 3369 756 3432 historiam
784 3367 920 3431 scribere
951 3367 1127 3429 didicisset.

19 3447 99 3512 Prae
121 3451 199 3516 otiis
221 3452 320 3516 etiam
341 3455 396 3516 sui
418 3454 491 3515 aeui
512 3451 731 3536 scriptom'bus
734 3451 862 3536 peritia
878 3452 961 3513 artis
976 3447 1127 3512 bellicae⁹

19 3541 44 3594 et
63 3534 204 3599 locorum
214 3547 240 3582 ¹⁰
262 3536 379 3622 quibus
393 3557 445 3599 ree
459 3545 568 3622 qestae
583 3545 659 3599 suut
673 3537 826 3622 insiqnis‚
848 3535 891 3598 iis
907 3533 1128 3598 describendis

20 3637 145 3698 operam
165 3619 264 3684 dedit.
307 3621 447 3684 Furores
463 3620 564 3684 nimio
580 3617 707 3705 qloriae
716 3622 854 3704 patriae
870 3619 976 3683 studio
992 3627 1020 3681 et
1035 3619 1128 3682 uani-

90 3825 116 3893 1)
136 3843 159 3878 s.
180 3843 206 3892 g,
227 3827 265 3889 11,
286 3828 364 3876 1-5.
387 3829 504 3878 16-20.
525 3828 643 3879 30-35.
665 3827 789 3879 51-59.
810 3828 940 3879 87-90.
961 3828 1004 3876 93.
1026 3827 1075 3888 94;
1100 3827 1128 3875 in

19 3899 143 3966 principio
162 3901 284 3951 Lotharii
302 3901 356 3960 111,
377 3900 476 3951 6-10.
551 3897 580 3966 Ι)
601 3917 624 3950 e.
640 3915 665 3965 g.
686 3901 725 3960 11,
745 3901 780 3950 ³0
800 3917 858 3967 sqq.
879 3900 912 3950 sd
934 3900 1044 3950 caedem
1061 3899 1128 3948 Wil-

19 3969 95 4021 helmi
118 3974 341 4024 Nortmannorum
369 3973 444 4025 ducis
465 3975 556 4025 Ottoni
582 3974 682 4038 Magno
708 3973 892 4040 imputandam
917 3975 994 4024 unius
1020 3971 1129 4022 Rieheri

19 4047 157 4097 auctoritas
184 4062 237 4097 non
265 4045 372 4097 sufficit.
454 4045 483 4112 3)
503 4047 668 4106 lietbertum,
698 4046 820 4097 Gerberti
849 4045 1018 4112 discipulum,
1048 4046 1128 4095 etiam

20 4119 119 4169 novisse
137 4117 258 4181 videtur;
287 4119 380 4170 laudet
399 4135 458 4169 eum
478 4119 526 4182 lv,
548 4121 590 4170 13.
674 4118 704 4184 4)
723 4119 746 4179 1,
766 4120 810 4171 46.
887 4117 915 4183 5)
936 4134 958 4170 e.
979 4133 1005 4183 g.
1025 4117 1063 4176 ΙΙ,
1083 4117 1127 4164 27.

21 4185 45 4253 6)
64 4192 111 4252 1v,
131 4192 174 4242 18.
250 4190 278 4256 Ι)
298 4193 346 4252 IV,
365 4192 410 4241 39.
495 4191 525 4256 8)
545 4191 678 4244 Gnidonis
703 4193 823 4259 episcopi
852 4193 997 4242 orationem
1024 4189 1072 4250 IV,
1092 4189 1126 4237 63

22 4257 104 4326 [quam
123 4263 213 4315 fictam
233 4264 369 4332 putarim}
454 4262 483 4331 9)
504 4263 545 4316 Oi.
566 4264 758 4330 descriptiones
778 4279 925 4331 pugnarum
947 4268 973 4312 et
991 4261 1126 4311 machina-

20 4349 69 4386 rum
89 4331 246 4388 belitonium
265 4337 401 4404 I,8sqq.
439 4337 669 4398 11,1o.35.4o.
706 4336 977 4404 111,8.103--1ot.
1013 4335 1060 4397 lv,
1083 4336 1127 4385 17.

21 4406 58 4460 19.
78 4410 122 4462 22.
198 4409 244 4477 10)
264 4427 288 4462 e.
308 4427 335 4478 g.
354 4411 407 4472 111,
429 4412 490 4461 101.
510 4410 623 4462 Virduni
641 4411 716 4462 situs.
