<?xml version="1.0" encoding="UTF-8"?>
<!DOCTYPE html PUBLIC "-//W3C//DTD XHTML 1.0 Transitional//EN"
    "http://www.w3.org/TR/xhtml1/DTD/xhtml1-transitional.dtd">
<html xmlns="http://www.w3.org/1999/xhtml" xml:lang="en" lang="en">
 <head>
  <title>
</title>
<meta http-equiv="Content-Type" content="text/html;charset=utf-8" />
  <meta name='ocr-system' content='tesseract 3.04.00' />
  <meta name='ocr-capabilities' content='ocr_page ocr_carea ocr_par ocr_line ocrx_word'/>
</head>
<body>
  <div class='ocr_page' id='page_1' title='image "./richerihistoria00richgoog_0100.png"; bbox 0 0 2938 5016; ppageno 0'>
   <div class='ocr_carea' id='block_1_1' title="bbox 281 399 1157 452">
    <p class='ocr_par' dir='ltr' id='par_1_1' title="bbox 281 399 1157 452">
     <span class='ocr_line' id='line_1_1' title="bbox 281 399 1157 452; baseline -0.002 0"><span class='ocrx_word' id='word_1_1' title='bbox 281 399 436 452; x_wconf 80' lang='lat' dir='ltr'><strong>RIOHERI</strong></span> <span class='ocrx_word' id='word_1_2' title='bbox 454 399 708 452; x_wconf 76' lang='lat' dir='ltr'>HISTORIARUM</span> <span class='ocrx_word' id='word_1_3' title='bbox 726 400 839 452; x_wconf 85' lang='lat' dir='ltr'>LIBER</span> <span class='ocrx_word' id='word_1_4' title='bbox 856 401 886 450; x_wconf 92' lang='lat' dir='ltr'>II</span> <span class='ocrx_word' id='word_1_5' title='bbox 1124 401 1157 451; x_wconf 79' lang='lat' dir='ltr'>ts</span> 
     </span>
    </p>
   </div>
   <div class='ocr_carea' id='block_1_2' title="bbox 38 533 1270 2751">
    <p class='ocr_par' dir='ltr' id='par_1_2' title="bbox 47 533 1216 1068">
     <span class='ocr_line' id='line_1_2' title="bbox 557 533 567 562; baseline 0 0"><span class='ocrx_word' id='word_1_6' title='bbox 557 533 567 562; x_wconf 61' lang='lat' dir='ltr'>b</span> 
     </span>
     <span class='ocr_line' id='line_1_3' title="bbox 48 566 1216 653; baseline -0.002 -23"><span class='ocrx_word' id='word_1_7' title='bbox 48 567 232 651; x_wconf 90' lang='lat' dir='ltr'>fungebatur</span> <span class='ocrx_word' id='word_1_8' title='bbox 253 566 359 631; x_wconf 84' lang='lat' dir='ltr'>officio</span> <span class='ocrx_word' id='word_1_9' title='bbox 381 567 546 652; x_wconf 75' lang='lat' dir='ltr'>privatur⁸</span> <span class='ocrx_word' id='word_1_10' title='bbox 574 576 605 632; x_wconf 92' lang='lat' dir='ltr'>et</span> <span class='ocrx_word' id='word_1_11' title='bbox 631 589 650 631; x_wconf 90' lang='lat' dir='ltr'>a</span> <span class='ocrx_word' id='word_1_12' title='bbox 673 577 846 653; x_wconf 89' lang='lat' dir='ltr'>conspectu</span> <span class='ocrx_word' id='word_1_13' title='bbox 867 567 972 632; x_wconf 90' lang='lat' dir='ltr'>sinodi</span> <span class='ocrx_word' id='word_1_14' title='bbox 995 575 1216 632; x_wconf 75' lang='lat' dir='ltr'>consume-m.</span> 
     </span>
     <span class='ocr_line' id='line_1_4' title="bbox 47 649 1157 737; baseline 0.003 -24"><span class='ocrx_word' id='word_1_15' title='bbox 47 649 116 714; x_wconf 90' lang='lat' dir='ltr'>liose</span> <span class='ocrx_word' id='word_1_16' title='bbox 137 649 326 736; x_wconf 89' lang='lat' dir='ltr'>reprobatus</span> <span class='ocrx_word' id='word_1_17' title='bbox 349 651 436 716; x_wconf 89' lang='lat' dir='ltr'>exire</span> <span class='ocrx_word' id='word_1_18' title='bbox 452 649 658 736; x_wconf 82' lang='lat' dir='ltr'>compellitur.</span> <span class='ocrx_word' id='word_1_19' title='bbox 701 650 836 715; x_wconf 87' lang='lat' dir='ltr'>Artoldo</span> <span class='ocrx_word' id='word_1_20' title='bbox 855 673 931 716; x_wconf 88' lang='lat' dir='ltr'>vero</span> <span class='ocrx_word' id='word_1_21' title='bbox 951 652 1157 737; x_wconf 88' lang='lat' dir='ltr'>pontificatus</span> 
     </span>
     <span class='ocr_line' id='line_1_5' title="bbox 48 734 1157 822; baseline 0.001 -24"><span class='ocrx_word' id='word_1_22' title='bbox 48 734 228 819; x_wconf 89' lang='lat' dir='ltr'>dignitatem</span> <span class='ocrx_word' id='word_1_23' title='bbox 251 734 427 799; x_wconf 90' lang='lat' dir='ltr'>secundum</span> <span class='ocrx_word' id='word_1_24' title='bbox 457 756 616 799; x_wconf 91' lang='lat' dir='ltr'>canonum</span> <span class='ocrx_word' id='word_1_25' title='bbox 644 735 788 800; x_wconf 87' lang='lat' dir='ltr'>instituta</span> <span class='ocrx_word' id='word_1_26' title='bbox 815 743 1008 822; x_wconf 89' lang='lat' dir='ltr'>patrumque</span> <span class='ocrx_word' id='word_1_27' title='bbox 1030 735 1157 800; x_wconf 89' lang='lat' dir='ltr'>decreta</span> 
     </span>
     <span class='ocr_line' id='line_1_6' title="bbox 48 817 1157 904; baseline 0.001 -22"><span class='ocrx_word' id='word_1_28' title='bbox 48 819 169 883; x_wconf 88' lang='lat' dir='ltr'>sinodus</span> <span class='ocrx_word' id='word_1_29' title='bbox 190 817 372 884; x_wconf 80' lang='lat' dir='ltr'>habendam</span> <span class='ocrx_word' id='word_1_30' title='bbox 394 819 536 883; x_wconf 84' lang='lat' dir='ltr'>decernit</span> <span class='ocrx_word' id='word_1_31' title='bbox 557 829 652 904; x_wconf 88' lang='lat' dir='ltr'>atque</span> <span class='ocrx_word' id='word_1_32' title='bbox 668 820 862 902; x_wconf 90' lang='lat' dir='ltr'>corroborat,</span> <span class='ocrx_word' id='word_1_33' title='bbox 885 842 923 884; x_wconf 89' lang='lat' dir='ltr'>eo</span> <span class='ocrx_word' id='word_1_34' title='bbox 961 819 1026 884; x_wconf 89' lang='lat' dir='ltr'>uod</span> <span class='ocrx_word' id='word_1_35' title='bbox 1041 818 1157 883; x_wconf 88' lang='lat' dir='ltr'>nullius</span> 
     </span>
     <span class='ocr_line' id='line_1_7' title="bbox 48 842 1158 990; baseline 0.002 -26"><span class='ocrx_word' id='word_1_36' title='bbox 48 901 164 966; x_wconf 91' lang='lat' dir='ltr'>concilii</span> <span class='ocrx_word' id='word_1_37' title='bbox 195 901 372 966; x_wconf 88' lang='lat' dir='ltr'>rationibus</span> <span class='ocrx_word' id='word_1_38' title='bbox 404 905 556 967; x_wconf 90' lang='lat' dir='ltr'>interesse</span> <span class='ocrx_word' id='word_1_39' title='bbox 585 902 747 988; x_wconf 85' lang='lat' dir='ltr'>refugerit.</span> <span class='ocrx_word' id='word_1_40' title='bbox 802 902 910 990; x_wconf 86' lang='lat' dir='ltr'>Atque</span> <span class='ocrx_word' id='word_1_41' title='bbox 939 842 1021 968; x_wconf 71' lang='lat' dir='ltr'>baec</span> <span class='ocrx_word' id='word_1_42' title='bbox 1053 904 1158 988; x_wconf 89' lang='lat' dir='ltr'>prima</span> 
     </span>
     <span class='ocr_line' id='line_1_8' title="bbox 48 985 1197 1068; baseline 0.003 -20"><span class='ocrx_word' id='word_1_43' title='bbox 48 987 254 1050; x_wconf 80' lang='lat' dir='ltr'>consessionis</span> <span class='ocrx_word' id='word_1_44' title='bbox 276 985 328 1050; x_wconf 92' lang='lat' dir='ltr'>die</span> <span class='ocrx_word' id='word_1_45' title='bbox 351 986 524 1051; x_wconf 88' lang='lat' dir='ltr'>constituta</span> <span class='ocrx_word' id='word_1_46' title='bbox 546 996 627 1051; x_wconf 91' lang='lat' dir='ltr'>sunt.</span> <span class='ocrx_word' id='word_1_47' title='bbox 1194 1061 1197 1068; x_wconf 28' lang='lat'>¹</span> 
     </span>
    </p>

    <p class='ocr_par' dir='ltr' id='par_1_3' title="bbox 38 1069 1270 2058">
     <span class='ocr_line' id='line_1_9' title="bbox 122 1069 1155 1151; baseline 0 -16"><span class='ocrx_word' id='word_1_48' title='bbox 122 1072 174 1138; x_wconf 84' lang='lat'>80.</span> <span class='ocrx_word' id='word_1_49' title='bbox 208 1069 358 1135; x_wconf 82' lang='lat' dir='ltr'>Secunda</span> <span class='ocrx_word' id='word_1_50' title='bbox 378 1092 454 1135; x_wconf 90' lang='lat' dir='ltr'>vero</span> <span class='ocrx_word' id='word_1_51' title='bbox 478 1070 539 1151; x_wconf 90' lang='lat' dir='ltr'>die,</span> <span class='ocrx_word' id='word_1_52' title='bbox 586 1079 635 1135; x_wconf 88' lang='lat' dir='ltr'>ost</span> <span class='ocrx_word' id='word_1_53' title='bbox 655 1071 804 1136; x_wconf 87' lang='lat' dir='ltr'>recitatas</span> <span class='ocrx_word' id='word_1_54' title='bbox 827 1092 937 1134; x_wconf 88' lang='lat' dir='ltr'>sacrae</span> <span class='ocrx_word' id='word_1_55' title='bbox 958 1072 1155 1136; x_wconf 83' lang='lat' dir='ltr'>auctoritatis</span> 
     </span>
     <span class='ocr_line' id='line_1_10' title="bbox 47 1152 1155 1237; baseline 0.003 -21"><span class='ocrx_word' id='word_1_56' title='bbox 47 1152 189 1218; x_wconf 88' lang='lat' dir='ltr'>lectiones</span> <span class='ocrx_word' id='word_1_57' title='bbox 212 1163 244 1218; x_wconf 92' lang='lat' dir='ltr'>et</span> <span class='ocrx_word' id='word_1_58' title='bbox 265 1153 375 1218; x_wconf 92' lang='lat' dir='ltr'>domni</span> <span class='ocrx_word' id='word_1_59' title='bbox 389 1154 535 1219; x_wconf 90' lang='lat' dir='ltr'>Rotberti</span> <span class='ocrx_word' id='word_1_60' title='bbox 596 1156 786 1237; x_wconf 90' lang='lat' dir='ltr'>ocutionem,</span> <span class='ocrx_word' id='word_1_61' title='bbox 808 1177 828 1218; x_wconf 91' lang='lat' dir='ltr'>a</span> <span class='ocrx_word' id='word_1_62' title='bbox 841 1153 1018 1220; x_wconf 84' lang='lat' dir='ltr'>venerabili</span> <span class='ocrx_word' id='word_1_63' title='bbox 1031 1155 1155 1220; x_wconf 87' lang='lat' dir='ltr'>Marino</span> 
     </span>
     <span class='ocr_line' id='line_1_11' title="bbox 48 1237 1155 1325; baseline 0.004 -26"><span class='ocrx_word' id='word_1_64' title='bbox 48 1239 252 1320; x_wconf 82' lang='lat' dir='ltr'>constituitur,</span> <span class='ocrx_word' id='word_1_65' title='bbox 273 1247 318 1320; x_wconf 93' lang='lat' dir='ltr'>ut,</span> <span class='ocrx_word' id='word_1_66' title='bbox 363 1239 494 1302; x_wconf 92' lang='lat' dir='ltr'>uoniam</span> <span class='ocrx_word' id='word_1_67' title='bbox 515 1239 607 1302; x_wconf 86' lang='lat' dir='ltr'>iuxta</span> <span class='ocrx_word' id='word_1_68' title='bbox 629 1259 738 1303; x_wconf 89' lang='lat' dir='ltr'>sacrae</span> <span class='ocrx_word' id='word_1_69' title='bbox 763 1237 843 1324; x_wconf 88' lang='lat' dir='ltr'>legis</span> <span class='ocrx_word' id='word_1_70' title='bbox 866 1239 1056 1304; x_wconf 88' lang='lat' dir='ltr'>sententiam</span> <span class='ocrx_word' id='word_1_71' title='bbox 1078 1261 1155 1325; x_wconf 93' lang='lat' dir='ltr'>pon-</span> 
     </span>
     <span class='ocr_line' id='line_1_12' title="bbox 47 1261 1156 1410; baseline -0.004 -20"><span class='ocrx_word' id='word_1_72' title='bbox 47 1321 161 1390; x_wconf 80' lang='lat' dir='ltr'>tteatis</span> <span class='ocrx_word' id='word_1_73' title='bbox 184 1322 323 1408; x_wconf 84' lang='lat' dir='ltr'>dignitas</span> <span class='ocrx_word' id='word_1_74' title='bbox 341 1261 479 1387; x_wconf 49' lang='grc' dir='ltr'>ί11110110</span> <span class='ocrx_word' id='word_1_75' title='bbox 501 1323 645 1387; x_wconf 89' lang='lat' dir='ltr'>restituta</span> <span class='ocrx_word' id='word_1_76' title='bbox 675 1331 732 1404; x_wconf 90' lang='lat' dir='ltr'>est,</span> <span class='ocrx_word' id='word_1_77' title='bbox 760 1323 795 1388; x_wconf 91' lang='lat' dir='ltr'>in</span> <span class='ocrx_word' id='word_1_78' title='bbox 823 1324 924 1410; x_wconf 89' lang='lat' dir='ltr'>ipsius</span> <span class='ocrx_word' id='word_1_79' title='bbox 950 1345 1156 1410; x_wconf 87' lang='lat' dir='ltr'>pervasorem</span> 
     </span>
     <span class='ocr_line' id='line_1_13' title="bbox 47 1405 1270 1493; baseline 0.006 -26"><span class='ocrx_word' id='word_1_80' title='bbox 47 1405 190 1470; x_wconf 88' lang='lat' dir='ltr'>sinodalis</span> <span class='ocrx_word' id='word_1_81' title='bbox 224 1406 423 1491; x_wconf 88' lang='lat' dir='ltr'>*proferatur</span> <span class='ocrx_word' id='word_1_82' title='bbox 462 1428 606 1470; x_wconf 83' lang='lat' dir='ltr'>censura.</span> <span class='ocrx_word' id='word_1_83' title='bbox 664 1405 851 1470; x_wconf 89' lang='lat' dir='ltr'>Recitantur</span> <span class='ocrx_word' id='word_1_84' title='bbox 885 1409 992 1493; x_wconf 90' lang='lat' dir='ltr'>itaque</span> <span class='ocrx_word' id='word_1_85' title='bbox 1029 1408 1204 1474; x_wconf 63' lang='lat' dir='ltr'>decretar-</span> <span class='ocrx_word' id='word_1_86' title='bbox 1220 1424 1270 1466; x_wconf 76' lang='lat'><strong>⁶0⁶·</strong></span> 
     </span>
     <span class='ocr_line' id='line_1_14' title="bbox 48 1489 1155 1576; baseline 0.003 -26"><span class='ocrx_word' id='word_1_87' title='bbox 48 1509 197 1553; x_wconf 89' lang='lat' dir='ltr'>canonum</span> <span class='ocrx_word' id='word_1_88' title='bbox 213 1500 244 1554; x_wconf 90' lang='lat' dir='ltr'>et</span> <span class='ocrx_word' id='word_1_89' title='bbox 259 1499 440 1554; x_wconf 87' lang='lat' dir='ltr'>sanctorum</span> <span class='ocrx_word' id='word_1_90' title='bbox 456 1491 601 1555; x_wconf 88' lang='lat' dir='ltr'>instituta</span> <span class='ocrx_word' id='word_1_91' title='bbox 614 1503 752 1576; x_wconf 89' lang='lat' dir='ltr'>patrum,</span> <span class='ocrx_word' id='word_1_92' title='bbox 768 1491 953 1572; x_wconf 89' lang='lat' dir='ltr'>Innocentii,</span> <span class='ocrx_word' id='word_1_93' title='bbox 969 1489 1155 1572; x_wconf 87' lang='lat' dir='ltr'>Alexandri,</span> 
     </span>
     <span class='ocr_line' id='line_1_15' title="bbox 48 1571 1154 1657; baseline 0.003 -21"><span class='ocrx_word' id='word_1_94' title='bbox 48 1571 230 1656; x_wconf 80' lang='lat' dir='ltr'>Simmacbi,</span> <span class='ocrx_word' id='word_1_95' title='bbox 260 1573 354 1652; x_wconf 80' lang='lat' dir='ltr'>sixti,</span> <span class='ocrx_word' id='word_1_96' title='bbox 384 1572 545 1656; x_wconf 78' lang='lat' dir='ltr'>Celestini,</span> <span class='ocrx_word' id='word_1_97' title='bbox 572 1574 704 1657; x_wconf 83' lang='lat' dir='ltr'>Zosimi,</span> <span class='ocrx_word' id='word_1_98' title='bbox 730 1574 864 1656; x_wconf 86' lang='lat' dir='ltr'>Leonis,</span> <span class='ocrx_word' id='word_1_99' title='bbox 890 1575 1055 1639; x_wconf 87' lang='lat' dir='ltr'>Bonefacii</span> <span class='ocrx_word' id='word_1_100' title='bbox 1080 1573 1154 1639; x_wconf 89' lang='lat' dir='ltr'>alio-</span> 
     </span>
     <span class='ocr_line' id='line_1_16' title="bbox 47 1657 1154 1743; baseline 0.002 -23"><span class='ocrx_word' id='word_1_101' title='bbox 47 1679 172 1743; x_wconf 89' lang='lat' dir='ltr'>rumque</span> <span class='ocrx_word' id='word_1_102' title='bbox 195 1668 322 1722; x_wconf 88' lang='lat' dir='ltr'>sanctae</span> <span class='ocrx_word' id='word_1_103' title='bbox 337 1659 400 1723; x_wconf 89' lang='lat' dir='ltr'>Dei</span> <span class='ocrx_word' id='word_1_104' title='bbox 421 1657 594 1723; x_wconf 87' lang='lat' dir='ltr'>aecclesiae</span> <span class='ocrx_word' id='word_1_105' title='bbox 615 1661 781 1722; x_wconf 91' lang='lat' dir='ltr'>doctorum</span> <span class='ocrx_word' id='word_1_106' title='bbox 796 1657 974 1723; x_wconf 89' lang='lat' dir='ltr'>illustrium.</span> <span class='ocrx_word' id='word_1_107' title='bbox 1010 1659 1154 1740; x_wconf 75' lang='lat' dir='ltr'>Quorum</span> 
     </span>
     <span class='ocr_line' id='line_1_17' title="bbox 48 1741 1155 1828; baseline 0.003 -24"><span class='ocrx_word' id='word_1_108' title='bbox 48 1741 174 1806; x_wconf 83' lang='lat' dir='ltr'>decretis</span> <span class='ocrx_word' id='word_1_109' title='bbox 197 1743 390 1806; x_wconf 88' lang='lat' dir='ltr'>unanimiter</span> <span class='ocrx_word' id='word_1_110' title='bbox 411 1741 680 1807; x_wconf 85' lang='lat' dir='ltr'>anathematizant</span> <span class='ocrx_word' id='word_1_111' title='bbox 700 1752 796 1828; x_wconf 89' lang='lat' dir='ltr'>atque</span> <span class='ocrx_word' id='word_1_112' title='bbox 815 1743 856 1808; x_wconf 89' lang='lat' dir='ltr'>ab</span> <span class='ocrx_word' id='word_1_113' title='bbox 871 1745 967 1808; x_wconf 90' lang='lat' dir='ltr'>totius</span> <span class='ocrx_word' id='word_1_114' title='bbox 982 1743 1155 1808; x_wconf 87' lang='lat' dir='ltr'>aecclesiae</span> 
     </span>
     <span class='ocr_line' id='line_1_18' title="bbox 49 1825 1155 1912; baseline 0.005 -25"><span class='ocrx_word' id='word_1_115' title='bbox 49 1827 262 1890; x_wconf 91' lang='lat' dir='ltr'>communione</span> <span class='ocrx_word' id='word_1_116' title='bbox 284 1836 484 1912; x_wconf 88' lang='lat' dir='ltr'>sequestrant</span> <span class='ocrx_word' id='word_1_117' title='bbox 504 1825 677 1912; x_wconf 91' lang='lat' dir='ltr'>Hugonem</span> <span class='ocrx_word' id='word_1_118' title='bbox 699 1826 866 1891; x_wconf 88' lang='lat' dir='ltr'>Remensis</span> <span class='ocrx_word' id='word_1_119' title='bbox 892 1827 1065 1892; x_wconf 89' lang='lat' dir='ltr'>aecclesiae</span> <span class='ocrx_word' id='word_1_120' title='bbox 1085 1849 1155 1912; x_wconf 90' lang='lat' dir='ltr'>pcr-</span> 
     </span>
     <span class='ocr_line' id='line_1_19' title="bbox 38 1910 1155 2056; baseline -0.002 -80"><span class='ocrx_word' id='word_1_121' title='bbox 38 1931 194 2056; x_wconf 62' lang='lat' dir='ltr'>rasopem,</span> <span class='ocrx_word' id='word_1_122' title='bbox 217 1910 319 1974; x_wconf 92' lang='lat' dir='ltr'>donec</span> <span class='ocrx_word' id='word_1_123' title='bbox 332 1912 570 1996; x_wconf 86' lang='lat' dir='ltr'>resipiscentem</span> <span class='ocrx_word' id='word_1_124' title='bbox 585 1913 728 1997; x_wconf 88' lang='lat' dir='ltr'>peniteat</span> <span class='ocrx_word' id='word_1_125' title='bbox 742 1933 780 1975; x_wconf 88' lang='lat' dir='ltr'>ac</span> <span class='ocrx_word' id='word_1_126' title='bbox 794 1933 852 1998; x_wconf 90' lang='lat' dir='ltr'>pro</span> <span class='ocrx_word' id='word_1_127' title='bbox 868 1912 1008 1976; x_wconf 87' lang='lat' dir='ltr'>facinore</span> <span class='ocrx_word' id='word_1_128' title='bbox 1028 1912 1155 1976; x_wconf 89' lang='lat' dir='ltr'>offensis</span> 
     </span>
     <span class='ocr_line' id='line_1_20' title="bbox 48 1994 219 2058; baseline 0.012 -4"><span class='ocrx_word' id='word_1_129' title='bbox 48 1994 114 2056; x_wconf 88' lang='lat' dir='ltr'>satis</span> <span class='ocrx_word' id='word_1_130' title='bbox 127 1995 219 2058; x_wconf 88' lang='lat' dir='ltr'>aciat.</span> 
     </span>
    </p>

    <p class='ocr_par' dir='ltr' id='par_1_4' title="bbox 48 2077 1155 2751">
     <span class='ocr_line' id='line_1_21' title="bbox 122 2077 1155 2164; baseline 0.003 -23"><span class='ocrx_word' id='word_1_131' title='bbox 122 2078 171 2144; x_wconf 85' lang='lat'>81.</span> <span class='ocrx_word' id='word_1_132' title='bbox 205 2077 348 2164; x_wconf 87' lang='lat' dir='ltr'>Reliquis</span> <span class='ocrx_word' id='word_1_133' title='bbox 370 2088 477 2142; x_wconf 90' lang='lat' dir='ltr'>autem</span> <span class='ocrx_word' id='word_1_134' title='bbox 499 2077 612 2143; x_wconf 91' lang='lat' dir='ltr'>diebus</span> <span class='ocrx_word' id='word_1_135' title='bbox 635 2078 798 2143; x_wconf 90' lang='lat' dir='ltr'>decretum</span> <span class='ocrx_word' id='word_1_136' title='bbox 827 2089 876 2142; x_wconf 90' lang='lat' dir='ltr'>est</span> <span class='ocrx_word' id='word_1_137' title='bbox 904 2079 944 2143; x_wconf 92' lang='lat' dir='ltr'>de</span> <span class='ocrx_word' id='word_1_138' title='bbox 974 2081 1101 2144; x_wconf 90' lang='lat' dir='ltr'>incestis</span> <span class='ocrx_word' id='word_1_139' title='bbox 1124 2089 1155 2144; x_wconf 88' lang='lat' dir='ltr'>et</span> 
     </span>
     <span class='ocr_line' id='line_1_22' title="bbox 48 2156 1154 2248; baseline 0.003 -25"><span class='ocrx_word' id='word_1_140' title='bbox 48 2159 154 2226; x_wconf 86' lang='lat' dir='ltr'>illicitis</span> <span class='ocrx_word' id='word_1_141' title='bbox 171 2161 422 2248; x_wconf 87' lang='lat' dir='ltr'>presbiterorum</span> <span class='ocrx_word' id='word_1_142' title='bbox 444 2163 608 2248; x_wconf 84' lang='lat' dir='ltr'>coniugiis,</span> <span class='ocrx_word' id='word_1_143' title='bbox 631 2162 691 2226; x_wconf 88' lang='lat' dir='ltr'>de¹</span> <span class='ocrx_word' id='word_1_144' title='bbox 709 2163 893 2248; x_wconf 89' lang='lat' dir='ltr'>presbiteris</span> <span class='ocrx_word' id='word_1_145' title='bbox 916 2185 1043 2248; x_wconf 90' lang='lat' dir='ltr'>quoque</span> <span class='ocrx_word' id='word_1_146' title='bbox 1058 2156 1154 2227; x_wconf 82' lang='lat' dir='ltr'>euka-</span> 
     </span>
     <span class='ocr_line' id='line_1_23' title="bbox 48 2245 1153 2330; baseline 0.002 -24"><span class='ocrx_word' id='word_1_147' title='bbox 48 2246 160 2309; x_wconf 89' lang='lat' dir='ltr'>ristiam</span> <span class='ocrx_word' id='word_1_148' title='bbox 196 2246 329 2330; x_wconf 87' lang='lat' dir='ltr'>indigne</span> <span class='ocrx_word' id='word_1_149' title='bbox 360 2245 579 2328; x_wconf 86' lang='lat' dir='ltr'>tractantibus,</span> <span class='ocrx_word' id='word_1_150' title='bbox 618 2245 657 2310; x_wconf 92' lang='lat' dir='ltr'>de</span> <span class='ocrx_word' id='word_1_151' title='bbox 690 2245 853 2310; x_wconf 88' lang='lat' dir='ltr'>aecclesiis</span> <span class='ocrx_word' id='word_1_152' title='bbox 886 2248 982 2310; x_wconf 87' lang='lat' dir='ltr'>etiam</span> <span class='ocrx_word' id='word_1_153' title='bbox 1014 2268 1034 2308; x_wconf 89' lang='lat' dir='ltr'>a</span> <span class='ocrx_word' id='word_1_154' title='bbox 1062 2245 1153 2309; x_wconf 90' lang='lat' dir='ltr'>laicis</span> 
     </span>
     <span class='ocr_line' id='line_1_24' title="bbox 48 2327 1152 2415; baseline 0.003 -25"><span class='ocrx_word' id='word_1_155' title='bbox 48 2328 178 2394; x_wconf 87' lang='lat' dir='ltr'>indebite</span> <span class='ocrx_word' id='word_1_156' title='bbox 193 2331 372 2415; x_wconf 80' lang='lat' dir='ltr'>usurpatis3</span> <span class='ocrx_word' id='word_1_157' title='bbox 394 2327 520 2415; x_wconf 91' lang='lat' dir='ltr'>aliaque</span> <span class='ocrx_word' id='word_1_158' title='bbox 541 2328 693 2394; x_wconf 90' lang='lat' dir='ltr'>nonnulla</span> <span class='ocrx_word' id='word_1_159' title='bbox 713 2330 759 2395; x_wconf 92' lang='lat' dir='ltr'>ibi</span> <span class='ocrx_word' id='word_1_160' title='bbox 803 2327 927 2392; x_wconf 80' lang='lat' dir='ltr'>rolatab</span> <span class='ocrx_word' id='word_1_161' title='bbox 949 2331 1046 2412; x_wconf 87' lang='lat' dir='ltr'>fuere,</span> <span class='ocrx_word' id='word_1_162' title='bbox 1071 2351 1152 2415; x_wconf 91' lang='lat' dir='ltr'>quae</span> 
     </span>
     <span class='ocr_line' id='line_1_25' title="bbox 48 2351 1152 2500; baseline 0.001 -24"><span class='ocrx_word' id='word_1_163' title='bbox 48 2411 281 2497; x_wconf 87' lang='lat' dir='ltr'>diligentissime</span> <span class='ocrx_word' id='word_1_164' title='bbox 302 2415 494 2498; x_wconf 86' lang='lat' dir='ltr'>investigata</span> <span class='ocrx_word' id='word_1_165' title='bbox 515 2423 610 2500; x_wconf 89' lang='lat' dir='ltr'>atque</span> <span class='ocrx_word' id='word_1_166' title='bbox 626 2413 744 2480; x_wconf 88' lang='lat' dir='ltr'>utiliter</span> <span class='ocrx_word' id='word_1_167' title='bbox 766 2351 902 2478; x_wconf 78' lang='lat' dir='ltr'>diffinita</span> <span class='ocrx_word' id='word_1_168' title='bbox 916 2423 997 2478; x_wconf 88' lang='lat' dir='ltr'>sunt.</span> <span class='ocrx_word' id='word_1_169' title='bbox 1035 2414 1152 2499; x_wconf 85' lang='lat' dir='ltr'>Sicque</span> 
     </span>
     <span class='ocr_line' id='line_1_26' title="bbox 48 2497 1153 2562; baseline 0.005 -5"><span class='ocrx_word' id='word_1_170' title='bbox 48 2497 166 2562; x_wconf 91' lang='lat' dir='ltr'>sinodus</span> <span class='ocrx_word' id='word_1_171' title='bbox 198 2497 301 2562; x_wconf 89' lang='lat' dir='ltr'>soluta</span> <span class='ocrx_word' id='word_1_172' title='bbox 330 2507 386 2561; x_wconf 87' lang='lat' dir='ltr'>cst.</span> <span class='ocrx_word' id='word_1_173' title='bbox 434 2497 648 2562; x_wconf 86' lang='lat' dir='ltr'>Indicitur*·²</span> <span class='ocrx_word' id='word_1_174' title='bbox 671 2520 745 2562; x_wconf 89' lang='lat' dir='ltr'>vero</span> <span class='ocrx_word' id='word_1_175' title='bbox 797 2507 846 2562; x_wconf 91' lang='lat' dir='ltr'>ost</span> <span class='ocrx_word' id='word_1_176' title='bbox 873 2497 940 2562; x_wconf 91' lang='lat' dir='ltr'>dies</span> <span class='ocrx_word' id='word_1_177' title='bbox 969 2498 1010 2562; x_wconf 88' lang='lat'>30</span> <span class='ocrx_word' id='word_1_178' title='bbox 1038 2499 1153 2562; x_wconf 89' lang='lat' dir='ltr'>iterum</span> 
     </span>
     <span class='ocr_line' id='line_1_27' title="bbox 48 2577 1153 2668; baseline 0.005 -28"><span class='ocrx_word' id='word_1_179' title='bbox 48 2577 185 2646; x_wconf 90' lang='lat' dir='ltr'>habenda</span> <span class='ocrx_word' id='word_1_180' title='bbox 214 2581 377 2645; x_wconf 84' lang='lat' dir='ltr'>Lauduni·</span> <span class='ocrx_word' id='word_1_181' title='bbox 393 2581 427 2644; x_wconf 92' lang='lat' dir='ltr'>in</span> <span class='ocrx_word' id='word_1_182' title='bbox 455 2581 589 2646; x_wconf 87' lang='lat' dir='ltr'>basilica</span> <span class='ocrx_word' id='word_1_183' title='bbox 617 2584 719 2646; x_wconf 88' lang='lat' dir='ltr'>sancti</span> <span class='ocrx_word' id='word_1_184' title='bbox 782 2583 912 2668; x_wconf 84' lang='lat' dir='ltr'>inceptii</span> <span class='ocrx_word' id='word_1_185' title='bbox 941 2583 1088 2665; x_wconf 87' lang='lat' dir='ltr'>martiris,</span> <span class='ocrx_word' id='word_1_186' title='bbox 1117 2592 1153 2646; x_wconf 92' lang='lat' dir='ltr'>ut</span> 
     </span>
     <span class='ocr_line' id='line_1_28' title="bbox 49 2661 885 2751; baseline 0.007 -27"><span class='ocrx_word' id='word_1_187' title='bbox 49 2661 86 2726; x_wconf 93' lang='lat' dir='ltr'>ibi</span> <span class='ocrx_word' id='word_1_188' title='bbox 106 2677 254 2731; x_wconf 85' lang='lat' dir='ltr'>exeratur</span> <span class='ocrx_word' id='word_1_189' title='bbox 276 2665 444 2730; x_wconf 87' lang='lat' dir='ltr'>anathema</span> <span class='ocrx_word' id='word_1_190' title='bbox 466 2667 499 2728; x_wconf 92' lang='lat' dir='ltr'>in</span> <span class='ocrx_word' id='word_1_191' title='bbox 521 2665 692 2751; x_wconf 86' lang='lat' dir='ltr'>Hugonem</span> <span class='ocrx_word' id='word_1_192' title='bbox 715 2667 885 2730; x_wconf 91' lang='lat' dir='ltr'>tirannum.</span> 
     </span>
    </p>
   </div>
   <div class='ocr_carea' id='block_1_3' title="bbox 12 2783 1151 2872">
    <p class='ocr_par' dir='ltr' id='par_1_5' title="bbox 12 2783 1151 2872">
     <span class='ocr_line' id='line_1_29' title="bbox 12 2783 1151 2872; baseline 0.004 -27"><span class='ocrx_word' id='word_1_193' title='bbox 12 2825 13 2830; x_wconf 22' lang='grc' dir='ltr'><strong>κ</strong></span> <span class='ocrx_word' id='word_1_194' title='bbox 48 2783 89 2847; x_wconf 77' lang='lat'>82.</span> <span class='ocrx_word' id='word_1_195' title='bbox 119 2786 320 2850; x_wconf 82' lang='lat' dir='ltr'>Anatbemac</span> <span class='ocrx_word' id='word_1_196' title='bbox 347 2786 594 2872; x_wconf 84' lang='lat' dir='ltr'>episcoporumc</span> <span class='ocrx_word' id='word_1_197' title='bbox 622 2788 656 2850; x_wconf 91' lang='lat' dir='ltr'>in</span> <span class='ocrx_word' id='word_1_198' title='bbox 684 2787 799 2850; x_wconf 88' lang='lat' dir='ltr'>ducem</span> <span class='ocrx_word' id='word_1_199' title='bbox 823 2787 975 2872; x_wconf 80' lang='lat' dir='ltr'>eiusque⁰</span> <span class='ocrx_word' id='word_1_200' title='bbox 1002 2785 1151 2850; x_wconf 85' lang='lat' dir='ltr'>fautores.</span> 
     </span>
    </p>
   </div>
   <div class='ocr_carea' id='block_1_4' title="bbox 46 2886 1153 3813">
    <p class='ocr_par' dir='ltr' id='par_1_6' title="bbox 46 2886 1153 3813">
     <span class='ocr_line' id='line_1_30' title="bbox 121 2886 1153 2974; baseline 0 -23"><span class='ocrx_word' id='word_1_201' title='bbox 121 2888 246 2968; x_wconf 78' lang='lat' dir='ltr'>Quibus</span> <span class='ocrx_word' id='word_1_202' title='bbox 269 2886 438 2973; x_wconf 90' lang='lat' dir='ltr'>diligenter</span> <span class='ocrx_word' id='word_1_203' title='bbox 459 2910 497 2951; x_wconf 89' lang='lat' dir='ltr'>ac</span> <span class='ocrx_word' id='word_1_204' title='bbox 527 2889 679 2952; x_wconf 88' lang='lat' dir='ltr'>canonice</span> <span class='ocrx_word' id='word_1_205' title='bbox 707 2890 856 2974; x_wconf 88' lang='lat' dir='ltr'>peractis,</span> <span class='ocrx_word' id='word_1_206' title='bbox 885 2888 1067 2953; x_wconf 89' lang='lat' dir='ltr'>Ludovicus</span> <span class='ocrx_word' id='word_1_207' title='bbox 1094 2909 1153 2951; x_wconf 87' lang='lat' dir='ltr'>rex</span> 
     </span>
     <span class='ocr_line' id='line_1_31' title="bbox 47 2967 1151 3057; baseline 0.004 -27"><span class='ocrx_word' id='word_1_208' title='bbox 47 2967 80 3031; x_wconf 91' lang='lat' dir='ltr'>ab</span> <span class='ocrx_word' id='word_1_209' title='bbox 101 2969 218 3036; x_wconf 88' lang='lat' dir='ltr'>Ottone</span> <span class='ocrx_word' id='word_1_210' title='bbox 240 2989 316 3056; x_wconf 90' lang='lat' dir='ltr'>rege</span> <span class='ocrx_word' id='word_1_211' title='bbox 337 2971 474 3036; x_wconf 88' lang='lat' dir='ltr'>militum</span> <span class='ocrx_word' id='word_1_212' title='bbox 504 2973 613 3057; x_wconf 89' lang='lat' dir='ltr'>copias</span> <span class='ocrx_word' id='word_1_213' title='bbox 643 2971 726 3036; x_wconf 91' lang='lat' dir='ltr'>duce</span> <span class='ocrx_word' id='word_1_214' title='bbox 756 2971 925 3037; x_wconf 86' lang='lat' dir='ltr'>Ohonrado</span> <span class='ocrx_word' id='word_1_215' title='bbox 954 2982 1064 3036; x_wconf 87' lang='lat' dir='ltr'>contra</span> <span class='ocrx_word' id='word_1_216' title='bbox 1084 2971 1151 3034; x_wconf 93' lang='lat' dir='ltr'>Hu-</span> 
     </span>
     <span class='ocr_line' id='line_1_32' title="bbox 47 3055 1151 3142; baseline 0.003 -26"><span class='ocrx_word' id='word_1_217' title='bbox 47 3073 150 3134; x_wconf 84' lang='lat' dir='ltr'>gonem</span> <span class='ocrx_word' id='word_1_218' title='bbox 165 3057 327 3121; x_wconf 86' lang='lat' dir='ltr'>tirannum</span> <span class='ocrx_word' id='word_1_219' title='bbox 342 3057 468 3142; x_wconf 87' lang='lat' dir='ltr'>accipit.</span> <span class='ocrx_word' id='word_1_220' title='bbox 507 3056 596 3136; x_wconf 75' lang='lat' dir='ltr'>Quae</span> <span class='ocrx_word' id='word_1_221' title='bbox 612 3055 688 3120; x_wconf 89' lang='lat' dir='ltr'>dum</span> <span class='ocrx_word' id='word_1_222' title='bbox 702 3079 761 3142; x_wconf 93' lang='lat' dir='ltr'>per</span> <span class='ocrx_word' id='word_1_223' title='bbox 775 3057 843 3122; x_wconf 91' lang='lat' dir='ltr'>dies</span> <span class='ocrx_word' id='word_1_224' title='bbox 864 3058 906 3122; x_wconf 89' lang='lat'>40</span> <span class='ocrx_word' id='word_1_225' title='bbox 922 3055 1151 3142; x_wconf 87' lang='lat' dir='ltr'>colligerentur,</span> 
     </span>
     <span class='ocr_line' id='line_1_33' title="bbox 48 3139 1152 3226; baseline 0.005 -29"><span class='ocrx_word' id='word_1_226' title='bbox 48 3140 179 3225; x_wconf 88' lang='lat' dir='ltr'>episcopi</span> <span class='ocrx_word' id='word_1_227' title='bbox 202 3140 377 3226; x_wconf 88' lang='lat' dir='ltr'>supradicti</span> <span class='ocrx_word' id='word_1_228' title='bbox 399 3140 559 3204; x_wconf 89' lang='lat' dir='ltr'>tricesima</span> <span class='ocrx_word' id='word_1_229' title='bbox 581 3139 632 3204; x_wconf 91' lang='lat' dir='ltr'>die</span> <span class='ocrx_word' id='word_1_230' title='bbox 660 3150 733 3225; x_wconf 92' lang='lat' dir='ltr'>post</span> <span class='ocrx_word' id='word_1_231' title='bbox 786 3149 926 3205; x_wconf 88' lang='lat' dir='ltr'>eractam</span> <span class='ocrx_word' id='word_1_232' title='bbox 949 3141 1095 3204; x_wconf 92' lang='lat' dir='ltr'>sinodum</span> <span class='ocrx_word' id='word_1_233' title='bbox 1118 3140 1152 3202; x_wconf 93' lang='lat' dir='ltr'>in</span> 
     </span>
     <span class='ocr_line' id='line_1_34' title="bbox 48 3163 1150 3310; baseline 0.005 -29"><span class='ocrx_word' id='word_1_234' title='bbox 48 3216 169 3288; x_wconf 86' lang='lat' dir='ltr'>basilica</span> <span class='ocrx_word' id='word_1_235' title='bbox 191 3223 293 3288; x_wconf 84' lang='lat' dir='ltr'>sancti</span> <span class='ocrx_word' id='word_1_236' title='bbox 313 3224 475 3288; x_wconf 88' lang='lat' dir='ltr'>Vincentii</span> <span class='ocrx_word' id='word_1_237' title='bbox 497 3225 635 3288; x_wconf 87' lang='lat' dir='ltr'>martiris</span> <span class='ocrx_word' id='word_1_238' title='bbox 657 3223 744 3310; x_wconf 93' lang='lat' dir='ltr'>apud</span> <span class='ocrx_word' id='word_1_239' title='bbox 761 3163 957 3288; x_wconf 74' lang='lat' dir='ltr'>laudunum</span> <span class='ocrx_word' id='word_1_240' title='bbox 985 3223 1045 3288; x_wconf 91' lang='lat' dir='ltr'>sub</span> <span class='ocrx_word' id='word_1_241' title='bbox 1073 3245 1150 3308; x_wconf 88' lang='lat' dir='ltr'>rege</span> 
     </span>
     <span class='ocr_line' id='line_1_35' title="bbox 48 3301 1150 3394; baseline 0.005 -30"><span class='ocrx_word' id='word_1_242' title='bbox 48 3301 201 3372; x_wconf 85' lang='lat' dir='ltr'>Ludovico</span> <span class='ocrx_word' id='word_1_243' title='bbox 239 3306 363 3372; x_wconf 87' lang='lat' dir='ltr'>collecti</span> <span class='ocrx_word' id='word_1_244' title='bbox 399 3317 500 3373; x_wconf 65' lang='lat' dir='ltr'>sunta</span> <span class='ocrx_word' id='word_1_245' title='bbox 558 3307 602 3372; x_wconf 88' lang='lat' dir='ltr'>Et</span> <span class='ocrx_word' id='word_1_246' title='bbox 640 3307 755 3372; x_wconf 91' lang='lat' dir='ltr'>iterum</span> <span class='ocrx_word' id='word_1_247' title='bbox 774 3307 970 3394; x_wconf 78' lang='lat' dir='ltr'>,presidente</span> <span class='ocrx_word' id='word_1_248' title='bbox 1006 3305 1150 3392; x_wconf 89' lang='lat' dir='ltr'>predicto</span> 
     </span>
     <span class='ocr_line' id='line_1_36' title="bbox 47 3385 1150 3477; baseline 0.003 -27"><span class='ocrx_word' id='word_1_249' title='bbox 47 3385 169 3473; x_wconf 87' lang='lat' dir='ltr'>Marino,</span> <span class='ocrx_word' id='word_1_250' title='bbox 193 3401 275 3476; x_wconf 91' lang='lat' dir='ltr'>-post</span> <span class='ocrx_word' id='word_1_251' title='bbox 302 3413 410 3455; x_wconf 88' lang='lat' dir='ltr'>sacrae</span> <span class='ocrx_word' id='word_1_252' title='bbox 438 3393 614 3477; x_wconf 90' lang='lat' dir='ltr'>scripturae</span> <span class='ocrx_word' id='word_1_253' title='bbox 643 3393 787 3477; x_wconf 88' lang='lat' dir='ltr'>paginas,</span> <span class='ocrx_word' id='word_1_254' title='bbox 822 3411 902 3477; x_wconf 90' lang='lat' dir='ltr'>quae</span> <span class='ocrx_word' id='word_1_255' title='bbox 931 3390 978 3454; x_wconf 86' lang='lat' dir='ltr'>ibi</span> <span class='ocrx_word' id='word_1_256' title='bbox 998 3391 1150 3454; x_wconf 88' lang='lat' dir='ltr'>recitatae</span> 
     </span>
     <span class='ocr_line' id='line_1_37' title="bbox 48 3474 1150 3560; baseline 0.002 -27"><span class='ocrx_word' id='word_1_257' title='bbox 48 3481 73 3534; x_wconf 89' lang='lat' dir='ltr'>et</span> <span class='ocrx_word' id='word_1_258' title='bbox 96 3474 195 3538; x_wconf 89' lang='lat' dir='ltr'>multa</span> <span class='ocrx_word' id='word_1_259' title='bbox 223 3475 476 3540; x_wconf 88' lang='lat' dir='ltr'>consideratione</span> <span class='ocrx_word' id='word_1_260' title='bbox 505 3475 648 3540; x_wconf 89' lang='lat' dir='ltr'>discusse</span> <span class='ocrx_word' id='word_1_261' title='bbox 676 3485 762 3558; x_wconf 89' lang='lat' dir='ltr'>sunt,</span> <span class='ocrx_word' id='word_1_262' title='bbox 792 3475 963 3560; x_wconf 90' lang='lat' dir='ltr'>Hugonem</span> <span class='ocrx_word' id='word_1_263' title='bbox 990 3477 1150 3538; x_wconf 90' lang='lat' dir='ltr'>tirannum</span> 
     </span>
     <span class='ocr_line' id='line_1_38' title="bbox 48 3557 1150 3644; baseline 0.004 -28"><span class='ocrx_word' id='word_1_264' title='bbox 48 3559 236 3624; x_wconf 88' lang='lat' dir='ltr'>anathemate</span> <span class='ocrx_word' id='word_1_265' title='bbox 258 3559 411 3624; x_wconf 88' lang='lat' dir='ltr'>damnant</span> <span class='ocrx_word' id='word_1_266' title='bbox 433 3569 464 3624; x_wconf 92' lang='lat' dir='ltr'>et</span> <span class='ocrx_word' id='word_1_267' title='bbox 485 3581 505 3623; x_wconf 87' lang='lat' dir='ltr'>a</span> <span class='ocrx_word' id='word_1_268' title='bbox 526 3569 637 3624; x_wconf 88' lang='lat' dir='ltr'>sancta</span> <span class='ocrx_word' id='word_1_269' title='bbox 659 3559 813 3624; x_wconf 88' lang='lat' dir='ltr'>aecclesia</span> <span class='ocrx_word' id='word_1_270' title='bbox 835 3557 964 3644; x_wconf 89' lang='lat' dir='ltr'>pellunt,</span> <span class='ocrx_word' id='word_1_271' title='bbox 992 3559 1053 3622; x_wconf 90' lang='lat' dir='ltr'>nisi</span> <span class='ocrx_word' id='word_1_272' title='bbox 1074 3558 1150 3623; x_wconf 87' lang='lat' dir='ltr'>resi-</span> 
     </span>
     <span class='ocr_line' id='line_1_39' title="bbox 47 3639 1151 3728; baseline 0.001 -25"><span class='ocrx_word' id='word_1_273' title='bbox 47 3639 162 3720; x_wconf 88' lang='lat' dir='ltr'>piscens</span> <span class='ocrx_word' id='word_1_274' title='bbox 189 3642 319 3707; x_wconf 91' lang='lat' dir='ltr'>domino</span> <span class='ocrx_word' id='word_1_275' title='bbox 349 3665 406 3707; x_wconf 91' lang='lat' dir='ltr'>suo</span> <span class='ocrx_word' id='word_1_276' title='bbox 438 3642 611 3708; x_wconf 87' lang='lat' dir='ltr'>satisfaciat</span> <span class='ocrx_word' id='word_1_277' title='bbox 637 3653 693 3708; x_wconf 90' lang='lat' dir='ltr'>aut</span> <span class='ocrx_word' id='word_1_278' title='bbox 712 3644 847 3708; x_wconf 86' lang='lat' dir='ltr'>Romam</span> <span class='ocrx_word' id='word_1_279' title='bbox 873 3665 932 3728; x_wconf 92' lang='lat' dir='ltr'>pro</span> <span class='ocrx_word' id='word_1_280' title='bbox 956 3644 1004 3708; x_wconf 89' lang='lat' dir='ltr'>sui</span> <span class='ocrx_word' id='word_1_281' title='bbox 1026 3641 1151 3708; x_wconf 88' lang='lat' dir='ltr'>absolu-</span> 
     </span>
     <span class='ocr_line' id='line_1_40' title="bbox 46 3723 1152 3813; baseline 0.006 -31"><span class='ocrx_word' id='word_1_282' title='bbox 46 3723 121 3790; x_wconf 92' lang='lat' dir='ltr'>tione</span> <span class='ocrx_word' id='word_1_283' title='bbox 149 3727 237 3812; x_wconf 88' lang='lat' dir='ltr'>apud</span> <span class='ocrx_word' id='word_1_284' title='bbox 266 3726 419 3792; x_wconf 90' lang='lat' dir='ltr'>domnum</span> <span class='ocrx_word' id='word_1_285' title='bbox 446 3749 564 3813; x_wconf 88' lang='lat' dir='ltr'>papam</span> <span class='ocrx_word' id='word_1_286' title='bbox 593 3729 837 3792; x_wconf 89' lang='lat' dir='ltr'>ratiocinaturus</span> <span class='ocrx_word' id='word_1_287' title='bbox 866 3737 963 3813; x_wconf 89' lang='lat' dir='ltr'>petat.</span> <span class='ocrx_word' id='word_1_288' title='bbox 1017 3728 1057 3791; x_wconf 94' lang='lat' dir='ltr'>In</span> <span class='ocrx_word' id='word_1_289' title='bbox 1089 3747 1152 3813; x_wconf 88' lang='lat' dir='ltr'>qua</span> 
     </span>
    </p>
   </div>
   <div class='ocr_carea' id='block_1_5' title="bbox 94 3887 845 3957">
    <p class='ocr_par' dir='ltr' id='par_1_7' title="bbox 94 3887 845 3957">
     <span class='ocr_line' id='line_1_41' title="bbox 94 3887 845 3957; baseline 0.003 -17"><span class='ocrx_word' id='word_1_290' title='bbox 94 3887 116 3954; x_wconf 72' lang='lat'>¹¹)</span> <span class='ocrx_word' id='word_1_291' title='bbox 134 3890 194 3942; x_wconf 87' lang='lat' dir='ltr'>Iud.</span> <span class='ocrx_word' id='word_1_292' title='bbox 215 3906 278 3942; x_wconf 88' lang='lat' dir='ltr'>vero</span> <span class='ocrx_word' id='word_1_293' title='bbox 297 3892 392 3942; x_wconf 85' lang='lat' dir='ltr'>iterum</span> <span class='ocrx_word' id='word_1_294' title='bbox 413 3890 489 3954; x_wconf 83' lang='lat' dir='ltr'>(dcl.)</span> <span class='ocrx_word' id='word_1_295' title='bbox 512 3916 542 3926; x_wconf 94' lang='lat'>-</span> <span class='ocrx_word' id='word_1_296' title='bbox 563 3891 695 3941; x_wconf 86' lang='lat' dir='ltr'>tirannum</span> <span class='ocrx_word' id='word_1_297' title='bbox 714 3889 743 3939; x_wconf 79' lang='lat' dir='ltr'>io</span> <span class='ocrx_word' id='word_1_298' title='bbox 761 3906 845 3957; x_wconf 76' lang='lat' dir='ltr'>marp.</span> 
     </span>
    </p>
   </div>
   <div class='ocr_carea' id='block_1_6' title="bbox 97 4033 940 4087">
    <p class='ocr_par' dir='ltr' id='par_1_8' title="bbox 97 4033 940 4087">
     <span class='ocr_line' id='line_1_42' title="bbox 97 4033 940 4087; baseline 0.004 -14"><span class='ocrx_word' id='word_1_299' title='bbox 97 4037 118 4086; x_wconf 79' lang='lat' dir='ltr'>a)</span> <span class='ocrx_word' id='word_1_300' title='bbox 133 4038 237 4086; x_wconf 81' lang='lat' dir='ltr'>privatus</span> <span class='ocrx_word' id='word_1_301' title='bbox 253 4038 288 4076; x_wconf 84' lang='lat' dir='ltr'>est</span> <span class='ocrx_word' id='word_1_302' title='bbox 305 4038 324 4077; x_wconf 89' lang='lat'>1.</span> <span class='ocrx_word' id='word_1_303' title='bbox 385 4034 409 4087; x_wconf 85' lang='lat' dir='ltr'>b&gt;</span> <span class='ocrx_word' id='word_1_304' title='bbox 423 4037 539 4087; x_wconf 81' lang='lat' dir='ltr'>prolatata</span> <span class='ocrx_word' id='word_1_305' title='bbox 554 4047 571 4077; x_wconf 85' lang='lat' dir='ltr'>c.</span> <span class='ocrx_word' id='word_1_306' title='bbox 631 4033 651 4087; x_wconf 86' lang='lat' dir='ltr'>c)</span> <span class='ocrx_word' id='word_1_307' title='bbox 667 4034 695 4087; x_wconf 78' lang='lat' dir='ltr'>A,</span> <span class='ocrx_word' id='word_1_308' title='bbox 713 4035 830 4087; x_wconf 81' lang='lat' dir='ltr'>episcopo,</span> <span class='ocrx_word' id='word_1_309' title='bbox 846 4035 868 4074; x_wconf 84' lang='lat' dir='ltr'>et</span> <span class='ocrx_word' id='word_1_310' title='bbox 883 4034 940 4076; x_wconf 77' lang='lat' dir='ltr'>absc.</span> 
     </span>
    </p>
   </div>
   <div class='ocr_carea' id='block_1_7' title="bbox 47 4161 1150 4455">
    <p class='ocr_par' dir='ltr' id='par_1_9' title="bbox 47 4161 1150 4455">
     <span class='ocr_line' id='line_1_43' title="bbox 99 4161 1150 4235; baseline -0.008 -15"><span class='ocrx_word' id='word_1_311' title='bbox 99 4164 126 4232; x_wconf 85' lang='lat'>1)</span> <span class='ocrx_word' id='word_1_312' title='bbox 138 4169 216 4220; x_wconf 85' lang='lat' dir='ltr'>Haec</span> <span class='ocrx_word' id='word_1_313' title='bbox 230 4183 317 4234; x_wconf 87' lang='lat' dir='ltr'>neque</span> <span class='ocrx_word' id='word_1_314' title='bbox 331 4167 403 4235; x_wconf 86' lang='lat' dir='ltr'>apud</span> <span class='ocrx_word' id='word_1_315' title='bbox 416 4167 599 4220; x_wconf 82' lang='lat' dir='ltr'>Flodoardum</span> <span class='ocrx_word' id='word_1_316' title='bbox 614 4182 701 4234; x_wconf 88' lang='lat' dir='ltr'>neque</span> <span class='ocrx_word' id='word_1_317' title='bbox 714 4167 741 4216; x_wconf 90' lang='lat' dir='ltr'>in</span> <span class='ocrx_word' id='word_1_318' title='bbox 754 4166 830 4217; x_wconf 80' lang='lat' dir='ltr'>Actis</span> <span class='ocrx_word' id='word_1_319' title='bbox 842 4165 976 4232; x_wconf 88' lang='lat' dir='ltr'>leguntur.</span> <span class='ocrx_word' id='word_1_320' title='bbox 1034 4161 1062 4230; x_wconf 82' lang='lat'>2)</span> <span class='ocrx_word' id='word_1_321' title='bbox 1073 4163 1150 4214; x_wconf 83' lang='lat' dir='ltr'>Haec</span> 
     </span>
     <span class='ocr_line' id='line_1_44' title="bbox 49 4233 1148 4307; baseline 0 -21"><span class='ocrx_word' id='word_1_322' title='bbox 49 4233 135 4290; x_wconf 83' lang='lat' dir='ltr'>dubiae</span> <span class='ocrx_word' id='word_1_323' title='bbox 153 4241 217 4293; x_wconf 87' lang='lat' dir='ltr'>fidei</span> <span class='ocrx_word' id='word_1_324' title='bbox 232 4242 363 4293; x_wconf 81' lang='lat' dir='ltr'>Richarus</span> <span class='ocrx_word' id='word_1_325' title='bbox 382 4241 492 4292; x_wconf 86' lang='lat' dir='ltr'>adiecit.</span> <span class='ocrx_word' id='word_1_326' title='bbox 567 4239 597 4307; x_wconf 83' lang='grc'>8)</span> <span class='ocrx_word' id='word_1_327' title='bbox 617 4241 692 4302; x_wconf 83' lang='lat' dir='ltr'>Quas</span> <span class='ocrx_word' id='word_1_328' title='bbox 706 4245 859 4306; x_wconf 85' lang='lat' dir='ltr'>sequuntur,</span> <span class='ocrx_word' id='word_1_329' title='bbox 880 4239 989 4288; x_wconf 87' lang='lat' dir='ltr'>minime</span> <span class='ocrx_word' id='word_1_330' title='bbox 1005 4239 1033 4287; x_wconf 91' lang='lat' dir='ltr'>in</span> <span class='ocrx_word' id='word_1_331' title='bbox 1046 4236 1148 4303; x_wconf 87' lang='lat' dir='ltr'>synodo</span> 
     </span>
     <span class='ocr_line' id='line_1_45' title="bbox 48 4305 1145 4377; baseline 0 -15"><span class='ocrx_word' id='word_1_332' title='bbox 48 4305 208 4366; x_wconf 71' lang='lat' dir='ltr'>tardonensi</span> <span class='ocrx_word' id='word_1_333' title='bbox 237 4315 285 4366; x_wconf 88' lang='lat' dir='ltr'>sed</span> <span class='ocrx_word' id='word_1_334' title='bbox 311 4315 339 4364; x_wconf 91' lang='lat' dir='ltr'>in</span> <span class='ocrx_word' id='word_1_335' title='bbox 358 4316 517 4366; x_wconf 83' lang='lat' dir='ltr'>Treverensi</span> <span class='ocrx_word' id='word_1_336' title='bbox 542 4319 658 4366; x_wconf 84' lang='lat' dir='ltr'>tractata</span> <span class='ocrx_word' id='word_1_337' title='bbox 681 4318 750 4376; x_wconf 86' lang='lat' dir='ltr'>sunt,</span> <span class='ocrx_word' id='word_1_338' title='bbox 775 4318 805 4362; x_wconf 91' lang='lat' dir='ltr'>ut</span> <span class='ocrx_word' id='word_1_339' title='bbox 831 4327 863 4362; x_wconf 84' lang='lat' dir='ltr'>ex</span> <span class='ocrx_word' id='word_1_340' title='bbox 889 4310 1042 4362; x_wconf 86' lang='lat' dir='ltr'>Flodoardo</span> <span class='ocrx_word' id='word_1_341' title='bbox 1062 4315 1145 4377; x_wconf 84' lang='lat' dir='ltr'>patet.</span> 
     </span>
     <span class='ocr_line' id='line_1_46' title="bbox 47 4377 1113 4455; baseline 0.003 -25"><span class='ocrx_word' id='word_1_342' title='bbox 47 4377 93 4433; x_wconf 84' lang='lat' dir='ltr'>Hic</span> <span class='ocrx_word' id='word_1_343' title='bbox 116 4390 255 4455; x_wconf 84' lang='lat' dir='ltr'>episcopos</span> <span class='ocrx_word' id='word_1_344' title='bbox 274 4389 400 4440; x_wconf 80' lang='lat' dir='ltr'>Laudant</span> <span class='ocrx_word' id='word_1_345' title='bbox 420 4386 549 4440; x_wconf 87' lang='lat' dir='ltr'>collectos</span> <span class='ocrx_word' id='word_1_346' title='bbox 567 4385 728 4438; x_wconf 86' lang='lat' dir='ltr'>Totbaldum</span> <span class='ocrx_word' id='word_1_347' title='bbox 751 4387 996 4437; x_wconf 84' lang='lat' dir='ltr'>excommunicasse</span> <span class='ocrx_word' id='word_1_348' title='bbox 1021 4384 1113 4436; x_wconf 86' lang='lat' dir='ltr'>tradit.</span> 
     </span>
    </p>
   </div>
   <div class='ocr_carea' id='block_1_8' title="bbox 0 0 1474 5016">
    <p class='ocr_par' dir='ltr' id='par_1_10' title="bbox 0 0 1474 5016">
     <span class='ocr_line' id='line_1_47' title="bbox 0 0 1474 5016; baseline 0 0"><span class='ocrx_word' id='word_1_349' title='bbox 0 0 1474 5016; x_wconf 95' lang='lat' dir='ltr'> </span> 
     </span>
    </p>
   </div>
  </div>
 </body>
</html>
