2936 5010
266 357 419 410 RIOHERI
439 359 690 411 HISTORIARUM
708 360 818 411 LIBER
834 361 901 412 1111.
1094 364 1144 414 1⁴5

15 561 17 608 ,
48 531 158 606 starent,
180 545 253 588 cum
274 524 374 590 multa
396 525 497 612 gloria
519 527 657 591 etfama
684 528 850 593 victoriam
872 529 906 590 in
932 525 1021 592 brevi
1049 529 1204 629 adep-9⁹⁰.

48 617 129 672 turos.
170 609 329 673 Processit
349 612 507 675 exercitus
535 620 683 698 uterque,
713 612 815 676 donec
842 610 921 677 alter
948 612 1082 677 alterum
1110 637 1143 678 m

48 701 202 777 prospectu
223 691 363 758 haberet.
406 694 450 758 Et
470 697 516 758 sic
537 704 669 781 uterque
690 695 774 759 fixus
796 694 934 759 herebat.
975 697 1143 783 Utrimque

14 829 15 862 3
48 797 99 838 non
121 777 323 841 mediocriter
351 777 530 844 dubitatum
560 788 620 861 est,
656 801 729 844 cum
758 779 895 843 Karolus
924 781 971 842 rei
996 779 1142 846 militaris

47 860 171 945 inopiam
191 858 332 943 haberet,
357 884 466 948 regem
487 885 563 927 vero
592 865 716 927 animus
744 865 792 927 sui
820 862 967 928 facinoris
996 866 1142 928 conscius

48 953 141 1008 contra
168 945 218 1008 ius
247 955 363 1030 agere⁸¹
390 957 550 1030 argueret,
580 969 653 1010 cum
679 946 834 1011 Karolum
863 955 994 1033 paterno
1022 947 1141 1012 honore

48 1028 215 1112 spoliaverit
235 1038 330 1116 atquc
355 1031 446 1116 regni
467 1033 537 1094 iura
558 1032 592 1094 in
619 1053 687 1096 sese
715 1031 927 1096 transfuderit.
970 1031 1030 1096 His
1058 1042 1141 1096 uter-

48 1134 96 1196 que
115 1112 227 1176 herens
248 1113 447 1199 persistebat.
490 1115 634 1179 Tandem
662 1115 782 1180 ratione
812 1136 952 1201 congrua
979 1139 999 1180 a
1024 1117 1140 1202 prima·

46 1195 115 1260 tibus
125 1198 214 1295 regib
229 1206 414 1282 suggestum
429 1207 485 1282 est,
499 1197 726 1285 aliquantisper
734 1220 806 1262 cum
821 1202 964 1264 exercitu
978 1198 1139 1283 standum;

47 1281 68 1342 si
97 1281 192 1345 hostis
221 1281 420 1364 adventaret,
454 1285 651 1347 *comminus
680 1281 961 1367 congrediendum
985 1285 1011 1347 si
1037 1282 1257 1348 nullusne-rc.

46 1362 200 1445 lacessiret,
230 1387 301 1428 cum
327 1368 469 1430 exercitu
492 1366 697 1432 redeundum.
746 1367 813 1431 Nec
839 1369 942 1431 minus
971 1391 991 1432 a
1018 1367 1138 1432 Karolo

47 1447 116 1512 idem
147 1448 356 1514 deliberatum
387 1449 457 1514 fuit.
499 1451 603 1532 Unde,
636 1451 711 1536 quia
732 1461 802 1515 uter
825 1474 864 1516 ue
886 1453 1033 1532 constitit,
1056 1461 1138 1516 uter-

47 1552 95 1680 que
115 1533 175 1598 sibi
197 1534 301 1598 cessit.
337 1534 409 1598 Rex
434 1537 607 1600 exercitum
628 1536 769 1618 reduxit;
795 1473 931 1598 llarolus
954 1557 1031 1599 vero
1053 1535 1139 1600 Lau-

64 1619 109 1680 uni
130 1639 200 1682 sese
220 1619 351 1703 recepit.

114 1701 164 1766 40.
208 1701 713 1781 *Odol’*,intereaDroca1um¹
743 1725 783 1766 cu
806 1703 891 1785 idus,
924 1703 964 1768 de
993 1701 1208 1767 Lauduni'f01·
1218 1705 1254 1746 4⁷·

47 1786 177 1869 captione
217 1807 285 1850 sese
322 1784 494 1871 plurimum
530 1787 673 1852 diffidere
708 1725 804 1872 apud
830 1799 957 1872 regem²
994 1786 1138 1852 simulate

48 1869 232 1954 querebatur,
254 1891 329 1933 cum
347 1871 430 1935 aries
451 1872 580 1935 cesserit
601 1870 779 1956 militesque
794 1872 915 1936 viribus
930 1870 1139 1954 diffiderentc,

47 1953 128 2018 immo
149 1955 244 2018 etiam
266 1953 342 2018 urbs
369 1955 439 2039 ipsa
465 1954 677 2020 inaccessibili
698 1957 760 2019 situ
782 1954 959 2020 obnitentes
981 1965 1141 2041 contemp-

46 2047 96 2100 nat.
116 2038 186 2103 Rex
196 2059 320 2102 merore
332 2039 503 2120 confectus,
516 2038 555 2103 ab
565 2039 678 2104 Odone
691 2039 834 2103 subsidia
844 2041 936 2124 petit3
953 2062 1021 2103 sese
1036 2041 1140 2102 vicem

46 2130 353 2208 recompensaturum,
376 2125 401 2186 si
421 2125 530 2209 copias
545 2123 726 2208 suppeditet
747 2131 778 2187 et
797 2123 838 2188 ad
857 2125 1013 2208 integrmn
1027 2121 1140 2187 urbem

47 2215 208 2291 expugnet3
239 2206 325 2291 quod
347 2207 374 2270 si
395 2207 658 2291 inpresentiarum
683 2206 724 2270 ali
748 2206 803 2270 uid
830 2206 916 2292 quod
941 2205 1139 2288 largiendum

46 2288 174 2374 sitpetat,
184 2293 252 2354 sine
274 2290 372 2354 dubio
387 2312 456 2354 sese
469 2291 641 2356 liberaliter
655 2229 879 2356 exhibiturum.
903 2288 974 2354 Odo
989 2288 1137 2352 Lauduni

44 2371 290 2457 inpugnationem
312 2373 467 2459 simulque
490 2385 521 2440 et
542 2377 721 2460 captionem
742 2376 775 2438 in
796 2374 943 2459 proximo
965 2372 1139 2473 pollicetur,

45 2456 206 2522 sitantum
233 2479 253 2520 a
279 2481 355 2543 rege
383 2459 508 2522 Drocas
535 2460 681 2544 accipiat.
731 2459 802 2522 Rex
827 2457 975 2521 vincendi
1003 2457 1139 2543 gloriam

45 2542 167 2626 cupiens,
188 2544 310 2628 petenti
331 2552 468 2608 castrum
482 2542 713 2608 accommodat.
751 2541 862 2607 Palam
877 2541 1024 2607 omnibus
1046 2541 1138 2624 cedit,

12 2631 13 2634 ’
45 2627 275 2706 promissionum
301 2627 341 2691 de
368 2626 524 2692 Lauduno
554 2626 708 2692 credulus.
766 2626 837 2692 Odo
868 2648 993 2713 quoque
1026 2625 1139 2690 urbem

46 2709 177 2774 amissam
204 2711 239 2774 in
258 2709 350 2776 brevi
376 2733 445 2776 sese
472 2710 670 2776 redditurum
696 2709 803 2796 palam
825 2710 971 2775 omnibus
996 2711 1139 2796 spondet.

46 2788 174 2858 tanum
197 2816 274 2880 ergo
296 2817 316 2858 a
329 2817 405 2880 rege
420 2816 606 2860 concessum
621 2793 742 2880 absque
757 2817 846 2859 mora
884 2796 948 2878 etit,
964 2803 1139 2858 castrenses

47 2872 94 2938 sibi
112 2880 300 2944 sacramenti
320 2881 388 2944 iure
415 2889 585 2945 annectens
612 2881 720 2966 eisque
742 2877 820 2943 alios
847 2817 981 2965 aliquot,
1004 2900 1140 2964 quorum

11 2993 12 3008 .
45 2955 106 3023 fidei
124 2963 267 3047 vigorem
289 2962 417 3046 sciebat,
439 2965 609 3046 assotians3
631 2964 720 3049 regia
740 2964 868 3048 negotia
890 2962 1006 3028 exinde
1021 2961 1138 3027 utiliter

46 3053 184 3193 satagens
237 3044 336 3111 Cuius
364 3055 472 3112 tamen
499 3047 671 3112 voluntatis
699 3047 827 3112 effectus
855 3046 959 3110 nullus
992 3045 1069 3128 fuit,
1099 3069 1135 3112 eo

64 3148 96 3192 uo
141 3132 353 3216 tempestiua(¹
381 3132 469 3198 urbis
495 3132 632 3217 proditio
660 3140 781 3196 vetaret
807 3141 839 3196 et
867 3152 960 3195 casus
980 3131 1139 3214 repentini

10 3247 13 3291 ;
71 3212 137 3277 'tere
163 3214 234 3279 fieri
254 3224 431 3301 arguerent.

10 3318 11 3348 ³
99 3336 148 3400 41.
192 3334 362 3400 *Subtilisl
380 3336 590 3401 machinatiof
608 3337 642 3399 in
662 3333 819 3400 Karolum
841 3345 873 3399 et
893 3332 1068 3398 Amulium.
1147 3347 1202 3393 'ron
1218 3353 1263 3394 re.

9 3473 10 3488 .
115 3435 166 3502 Ab
202 3437 263 3502 hoc
302 3447 445 3524 tempore
478 3437 640 3504 Adalbero
669 3437 927 3503 Laudunensium
954 3437 1134 3523 episcopus,
1175 3411 1258 3454 ‘'m‘'

9 3489 13 3578 l
45 3520 176 3601 quiante
199 3543 218 3586 a
238 3520 358 3586 Karolo
380 3532 492 3608 captus
513 3523 687 3609 aufugerat,
718 3523 804 3586 omni
825 3521 954 3608 ingenio
977 3520 1136 3604 oportuni-

9 3583 13 3670 l
44 3609 125 3668 tatem
153 3605 342 3692 quaerebat,
370 3627 434 3692 qua
460 3628 553 3672 versa
580 3609 650 3671 vice
677 3616 708 3672 et
735 3605 926 3670 Laudunum
954 3614 1083 3689 caperet
1105 3613 1137 3670 et

9 3743 10 3764 ,
45 3683 181 3753 Karolum
203 3689 493 3775 comprehenderet.
529 3691 666 3777 Legatos
687 3691 795 3776 itaque
817 3687 997 3754 huiusmodi
1018 3690 1139 3775 negotii

9 3765 10 3784 ¹
42 3769 274 3838 officiosissimos
292 3772 426 3838 Arnulfo
442 3773 590 3860 dirigens,
605 3775 787 3856 amicitiam,
802 3773 908 3856 fidem,
924 3773 1140 3873 suppetiarum

41 3853 171 3922 subsidia
190 3856 330 3922 mandat.
372 3857 414 3922 Ei
436 3879 561 3944 quoque
583 3868 692 3945 utpote
720 3881 776 3923 suo
806 3855 1048 3944 metropohtanc
1071 3879 1139 3921 sese

89 4017 110 4070 a)
125 4022 207 4062 iecisse
222 4030 328 4070 mperacr.
349 4032 419 4073 agere
438 4033 456 4064 c.
544 4020 567 4072 b)
580 4027 631 4073 port
646 4023 695 4063 add.
761 4019 794 4073 b')
810 4022 919 4071 sequentia
940 4021 964 4060 in
978 4020 1037 4070 sollo
1053 4020 1136 4058 minore

40 4081 80 4120 roa
92 4079 169 4120 inserto
185 4081 259 4120 addita
276 4086 335 4122 aaut.
351 4103 377 4114 -
395 4081 423 4126 0.
439 4093 456 4122 c.
473 4092 561 4131 semper.
641 4080 662 4132 c)
679 4082 785 4122 diffidant
802 4083 822 4121 l.
905 4077 927 4130 d)
945 4080 970 4118 ln
985 4083 1036 4118 ante
1051 4082 1136 4128 tempe·

43 4134 91 4176 stiva
104 4139 141 4180 dcl.
202 4137 224 4189 e)
241 4143 265 4180 et
279 4141 347 4180 aliter
363 4142 383 4184 1.
443 4139 531 4190 θεαὶ),
548 4151 586 4180 ma
601 4141 658 4182 abac.

105 4255 129 4319 1)
147 4257 248 4307 Dreux.
335 4257 363 4320 2)
384 4255 479 4309 (lomes
498 4255 592 4324 procul
613 4255 692 4306 dubio
712 4254 891 4313 carnotensis,
917 4253 962 4319 qui
982 4267 1005 4305 c.
1028 4252 1062 4302 ⁷4
1075 4269 1133 4319 sqq.

42 4335 196 4381 memoratur.

868 4411 908 4476 10
