2938 5016
323 394 358 444 60
579 393 733 446 RICHERI
752 394 1004 448 HISTORIARUM
1023 393 1135 445 LIBER
1154 395 1191 445 ll.

145 623 152 634 ,
262 576 312 621 ⁹44·
404 562 456 626 41.
489 560 680 646 Prodigiosa
701 559 951 627 demonstratio⁸
973 560 1073 626 cladis
1095 561 1351 626 Brittanuorumt

408 663 501 744 Quo¹
526 673 669 750 tempore
690 663 851 730 ferebatur
871 663 987 728 Parisii
1013 665 1107 729 turbo
1136 685 1169 728 re
1195 665 1286 728 entel
1306 671 1426 726 exortus

323 755 413 812 111111
434 748 467 811 vi
488 745 725 830 discucurrisse,
754 757 791 812 ut
841 747 955 812 arietes
977 747 1079 811 multa
1099 745 1129 810 la
1153 686 1242 810 idum
1262 744 1340 810 mole
1361 745 1425 808 fun·

324 830 390 895 dati
423 832 456 894 in
488 830 597 896 Monte
623 832 791 897 Martirum
816 771 962 897 lunditus
990 832 1094 896 eversi
1121 769 1253 913 lilerium
1287 830 1426 894 demones

325 935 452 1014 quoque
474 916 617 1000 equitum
639 917 748 1002 specie
768 915 855 980 visos
877 913 1042 979 basilicam
1065 914 1223 1002 quandam
1246 936 1308 978 non
1325 913 1427 1000 procul

324 1009 418 1063 s1tam
451 1000 614 1082 evertisse,
647 1000 779 1086 eiusque
811 999 918 1065 trabes
950 999 1134 1063 memoratis
1166 999 1338 1084 parietibus
1365 1007 1426 1062 tam

323 1082 430 1148 valide
462 1083 650 1165 incussisse,
679 1091 715 1147 ut
743 1105 798 1148 eos
828 1080 1024 1166 subruerint;
1055 1081 1207 1148 evulsisse
1236 1084 1330 1148 etiam
1354 1083 1428 1145 eius-

324 1165 398 1232 dem
420 1167 536 1231 montis
558 1168 665 1232 vineta
686 1187 725 1232 ac
748 1175 817 1232 sata
838 1167 1032 1232 devastasse.
1082 1166 1161 1230 Mox
1190 1167 1259 1231 viso
1281 1164 1426 1251 prodigia

323 1249 564 1316 Brittannorum
586 1252 744 1336 pernicies
767 1249 937 1316 subsecuta
959 1261 1017 1316 est.
1061 1251 1125 1331 Qui
1139 1249 1327 1336 Berengarii
1342 1259 1428 1333 atque

323 1333 420 1398 Alani
448 1335 631 1421 principum
661 1334 846 1399 dissidentia
875 1334 1047 1416 discordes,
1076 1356 1096 1398 a
1123 1333 1337 1414 Nortmannis,
1362 1354 1428 1395 cum

323 1419 440 1566 {pibus
462 1427 592 1504 pactum
615 1428 754 1506 egerant,
787 1419 934 1504 pervasic
955 1417 1117 1504 multaque
1139 1417 1216 1483 cede
1238 1419 1337 1484 attriti
1355 1427 1428 1480 sunt.

355 1524 457 1568 ecnon
488 1511 519 1566 et
547 1503 657 1568 civitas
679 1502 887 1568 Namtarum²
917 1511 1012 1588 capta
1039 1511 1097 1567 est.
1141 1501 1242 1568 Cuius
1269 1502 1428 1588 episcopus

324 1608 399 1652 cum
431 1587 723 1674 supervenientium
753 1587 892 1652 hostium
920 1594 1008 1652 metu
1036 1587 1165 1651 territus
1192 1590 1226 1650 in
1253 1584 1428 1650 aecclesiam

323 1669 435 1754 fugere
457 1679 632 1756 cogeretur,
660 1693 790 1736 suorum
819 1670 973 1736 densitate
1001 1691 1173 1756 oppressus
1202 1692 1240 1734 ao
1269 1669 1429 1734 suffocatus

325 1763 382 1818 est.
425 1753 584 1818 Brittanni
604 1755 638 1817 in
662 1756 733 1842 ipso
763 1756 885 1841 impetu
906 1753 1029 1819 viribus
1057 1775 1163 1818 resum
1189 1755 1239 1837 tis,
1266 1754 1368 1818 hostes
1394 1752 1428 1815 ab

324 1835 405 1901 urbe
441 1837 622 1902 vehementi
665 1839 832 1904 conamine
876 1837 1092 1924 reppulerunt.
1157 1775 1297 1925 Illosque
1335 1836 1429 1900 adorsi

325 1921 417 2006 gravi
448 1921 544 1985 caede
571 1921 730 1988 fuderunt.
780 1925 824 1987 At
850 1923 1030 1987 Brittannid
1062 1923 1265 2008 prosperiore
1297 1921 1428 1985 fortunae

325 2025 476 2068 successu
510 2004 693 2084 confortati,
725 2008 819 2071 tertia
851 2007 961 2073 itidem
990 2005 1043 2071 die
1076 2004 1211 2071 classem
1243 2005 1429 2092 pervadunt⁸

325 2087 649 2189 congrediunturque.
678 2089 716 2154 In
731 2101 822 2177 parte
838 2101 973 2176 utraque
992 2091 1152 2155 innumeri
1166 2089 1238 2154 fusi.
1268 2086 1431 2154 Brittannis

324 2193 400 2237 vero
434 2173 690 2240 adversauorum
724 2176 834 2261 copias
866 2197 931 2239 non
986 2174 1058 2254 assi,
1091 2173 1124 2236 in
1155 2174 1266 2260 fugam
1288 2175 1428 2238 fenmtur.

323 2256 514 2322 Nortmauni
535 2267 643 2322 autem
669 2259 804 2323 victoria
824 2259 927 2345 potiti,
978 2259 1189 2322 rittannorurn
1211 2258 1290 2323 alios
1312 2255 1428 2342 gladio&

324 2341 483 2424 occidunt,
513 2339 590 2406 alios
620 2343 654 2406 in
683 2341 797 2407 fluetus
827 2353 954 2428 cogunt,
985 2340 1064 2406 alios
1094 2364 1169 2407 vero
1194 2365 1214 2407 1
1243 2341 1428 2406 Brittanniae

323 2425 440 2490 finibus
462 2424 636 2509 eliminant,
659 2437 765 2512 preter
791 2427 849 2491 hos
878 2427 933 2512 qui
962 2426 1122 2491 servitutis
1149 2427 1224 2512 iugo
1256 2424 1350 2490 subdi
1375 2444 1428 2486 non

322 2530 520 2574 recusavere.

375 2636 427 2700 42.
460 2637 553 2700 Rexh
575 2645 693 2701 terram
714 2637 1005 2702 Nortmannorumh
1028 2636 1176 2724 pervadit
1198 2638 1378 2723 capitquel.

408 2737 503 2818 Quol
532 2737 574 2801 ad
600 2739 685 2823 regis
714 2761 806 2804 aures
837 2738 970 2824 perlate,
1001 2738 1184 2804 iAmulium
1212 2761 1249 2802 ac
1271 2738 1428 2803 Erluinunr

324 2821 455 2886 comites
477 2821 635 2907 simulque
663 2831 694 2886 et
723 2821 929 2909 Burgundiae
959 2824 1126 2910 episcopos
1156 2823 1197 2887 ali
1221 2832 1277 2887 uot
1303 2846 1361 2888 rex
1387 2842 1428 2884 ac·

324 2905 428 2969 cersit.
471 2905 677 2971 Presenserat
696 2907 823 2988 etenim,
846 2930 956 2972 eorum
975 2907 1144 2972 nonnullos
1166 2845 1270 2972 alde
1286 2907 1428 2972 defecisse

322 2987 519 3135 Huponique
542 2991 686 3055 cessisse.
731 2989 780 3054 Ac
810 3012 882 3054 cum
912 2992 1057 3057 exercitu
1083 2993 1117 3055 in
1145 3014 1199 3057 eos
1228 2991 1337 3056 fertur.
1379 2992 1428 3052 Ar-

321 3071 376 3136 nul
390 3095 427 3136 us
449 3094 522 3137 cum
544 3073 610 3138 suis
627 3096 737 3159 regem
754 3074 939 3161 precedens,
961 3076 1185 3158 Nortmannos,
1208 3076 1263 3162 qui
1279 3073 1427 3140 custodias

322 3155 545 3240 observabant,
566 3155 684 3223 utiliter
705 3180 894 3244 congressus
915 3159 1002 3244 apud
1023 3159 1179 3224 Arcesi-³
1202 3159 1283 3224 fudit
1309 3181 1349 3223 ac
1370 3155 1427 3240 regi

322 3240 484 3306 incessum
513 3240 689 3328 expedivit.
738 3244 810 3308 Rex
832 3242 1035 3307 Rhodomum
1067 3246 1208 3326 veniens,
1240 3243 1281 3308 ab
1314 3243 1355 3307 iis
1383 3241 1427 3326 qui

167 3377 174 3392 .
207 3349 243 3407 ⁸9,
260 3353 311 3398 sor,
322 3325 398 3391 fidei
420 3331 616 3391 *servatores
643 3326 731 3390 fuere
754 3336 909 3412 exceptus
931 3336 987 3392 est.
1030 3327 1219 3392 Desertores
1247 3349 1324 3392 vero
1352 3344 1428 3390 mare

322 3421 477 3495 petentes,
499 3409 621 3475 amoliti
648 3420 731 3475 sunt.
779 3410 956 3497 Municipia
981 3431 1057 3476 vero
1087 3412 1188 3498 copiis
1217 3411 1341 3475 munita
1370 3406 1428 3473 reli-

344 3516 429 3560 uere.
483 3494 556 3558 Rex
584 3492 740 3558 malorum
768 3494 883 3558 nimias
915 3517 984 3560 esse
1013 3495 1122 3581 copias
1153 3494 1368 3577 considerans,
1394 3489 1426 3554 ab

355 3598 463 3661 ugone
495 3575 576 3641 duce
606 3599 665 3662 sup
691 3578 770 3642 etias
800 3575 1027 3663 congrediendi
1054 3600 1113 3664 per
1138 3578 1261 3664 legatos
1289 3575 1427 3664 postulat.

320 3659 365 3724 Et
384 3670 420 3725 ut
441 3660 511 3744 ipse
527 3681 602 3723 cunr
617 3681 632 3723 s
692 3659 847 3726 cientibus
864 3663 965 3746 copiis
979 3663 1095 3743 veniat,
1118 3663 1309 3727 Baiocarum
1325 3663 1440 3738 urben,
1464 3717 1465 3728 .

321 3742 375 3824 ita,
411 3743 452 3806 sil
489 3763 560 3806 eam
597 3765 671 3808 cum
703 3743 834 3832 reliquis
867 3755 1045 3832 expugnet,
1077 3745 1308 3812 accommodat.
1359 3745 1426 3810 Dux
1464 3747 1465 3756 ’

321 3824 441 3890 donum
462 3827 587 3912 regium
607 3829 781 3914 excipiens,
804 3852 864 3914 sup
890 3830 969 3894 etias
1014 3840 1109 3894 aratm
1130 3831 1264 3916 regique
1281 3826 1426 3895 subvenit.

322 3907 405 3975 Cmn
438 3910 503 3974 suis
536 3911 644 3998 itaque
677 3933 715 3977 ac
747 3851 939 4000 quibusdam
998 3911 1204 3999 rsalpinorum
1233 3912 1425 4000 potentibus⁵

379 4071 402 4126 ι)
426 4075 463 4127 de,
483 4075 510 4126 tl,
532 4077 556 4115 la
575 4076 632 4116 aisa.
706 4075 730 4128 h)
749 4082 800 4127 porc
820 4077 870 4116 add.
946 4074 967 4128 c)
988 4088 1010 4126 p.
1033 4080 1086 4116 sunt
1107 4078 1126 4120 1.
1194 4074 1217 4129 d)
1240 4078 1363 4118 Brintannl
1377 4082 1424 4116 corr·

319 4133 444 4175 Brittanni.
505 4131 527 4185 e)
550 4135 657 4184 pervadit
673 4138 693 4178 1.
759 4134 778 4186 1)
800 4135 830 4176 At
850 4136 891 4178 Br.
914 4137 933 4176 1.
995 4133 1018 4187 g)
1041 4135 1133 4184 gladios
1156 4137 1176 4178 1.
1242 4134 1266 4186 11)
1288 4137 1315 4185 R,
1337 4137 1363 4186 N,
1382 4138 1425 4183 r,0

319 4191 376 4236 abac.
436 4191 454 4244 1)
470 4203 492 4242 p.
510 4203 551 4233 rex
566 4194 594 4236 Α.
613 4196 631 4236 1.
692 4192 716 4246 k)
734 4194 822 4234 Archas
840 4197 859 4236 1.
920 4191 1145 4248 1)1111111111111.Ἰ
1197 4191 1322 4245 11)(1111.

396 4305 423 4369 1)
442 4305 484 4355 Ex
503 4305 581 4360 Flod.
658 4307 686 4372 2)
705 4308 815 4360 Nautes.
844 4307 1013 4360 Flodoardus
1025 4305 1171 4359 Dolensem
1186 4307 1341 4376 episcopum
1354 4305 1424 4357 fuisse

320 4375 409 4428 refert.
484 4375 513 4444 3)
529 4379 642 4446 Arques.
717 4379 746 4447 δ)
766 4379 926 4446 quibasdam
944 4379 1120 4448 Bar-pandiae
1134 4380 1291 4446 proceribus
1311 4379 1386 4432 Flod.
