2936 5010
301 409 337 459 94
564 404 716 459 menum
734 405 989 460 mercarentur
1007 405 1120 459 LIBER
1138 408 1191 460 111.

239 596 290 640 oss.
303 572 534 658 cohabitarent,
555 594 681 640 necnon
702 583 735 639 et
761 571 992 656 dormitorium,
1020 571 1077 639 ubi
1103 583 1201 640 noctu
1229 575 1265 639 in
1293 573 1412 640 silentio·
1455 651 1456 666 ,

304 659 514 746 quiescerent,
535 657 740 724 refectorium
755 679 895 746 queque,
914 657 970 724 ubi
985 657 1026 724 de
1040 659 1201 723 communi
1216 660 1412 725 considentes
1455 683 1456 692 ¹

302 743 516 808 reficerentur
570 741 739 830 Legesque
771 742 929 828 ascripsit,
961 752 997 808 nt
1025 743 1177 808 orationis
1208 753 1350 830 tempore
1377 744 1407 807 iu

302 825 439 894 ecclesia
459 825 539 890 nihil
559 827 622 890 nisi
649 827 741 912 signo
767 836 922 912 peterent,
948 833 1056 913 preter
1084 825 1192 914 quod·
1220 828 1411 893 necessitatis

301 911 429 977 affemet
449 907 606 997 inpulsio,
629 907 736 975 cibum
758 931 823 975 una
843 911 1014 975 taciturni*
1035 921 1201 996 caperent3
1228 921 1303 998 post
1324 931 1408 998 pran-

302 994 392 1060 dium
420 995 455 1060 in
481 994 657 1080 gratiarum
684 995 810 1059 actione
837 992 949 1059 laudes
974 994 1048 1059 Deo
1076 994 1301 1078 decantarent3
1333 1015 1406 1059 eom-
1456 1049 1457 1074 ,

301 1078 437 1166 pletorio
473 1099 549 1144 vero
585 1076 729 1164 expleto,
764 1077 925 1142 silentium
960 1099 1062 1164 usque
1097 1077 1209 1143 laudes
1244 1079 1408 1145 matutinas

301 1161 481 1228 nullatenus
502 1160 674 1246 violarent3
702 1163 767 1226 iam
798 1160 979 1249 horoscopo
1006 1169 1153 1249 pulsante
1182 1163 1316 1228 excitati
1325 1175 1345 1246 ⁰,
1371 1161 1407 1226 ad

300 1245 411 1312 laudes
426 1244 654 1346 persolvendas
669 1267 739 1311 sese
753 1246 921 1331 prevenire
935 1243 1171 1312 contenderent
1203 1245 1291 1314 Ante
1305 1246 1407 1311 horam

301 1329 366 1396 diei
387 1353 525 1418 prumam
546 1327 698 1396 libertast¹
718 1328 903 1415 egrediendi
924 1351 944 1393 a
965 1327 1103 1395 clanstro
1123 1330 1244 1395 nemini
1264 1350 1408 1396 concessa

302 1425 379 1499 erat,
404 1423 512 1501 preter
542 1413 601 1479 hos
630 1413 686 1500 qui
712 1415 797 1478 curis
824 1435 935 1479 eorum
964 1410 1162 1479 insistebant.
1204 1413 1250 1480 Et
1276 1437 1318 1480 ne
1345 1415 1407 1501 quis
1457 1463 1458 1492 ,

300 1520 360 1586 per
395 1498 608 1585 ignorantiam
645 1497 817 1585 quicquam
851 1497 1034 1563 faciendum
1067 1496 1277 1584 relinqueret,
1316 1497 1408 1563 sancti
1457 1501 1458 1524 ¹

301 1582 477 1730 Aggustiui
498 1582 641 1647 instituta
662 1589 854 1668 patrumque
876 1580 1006 1647 decreta
1032 1579 1149 1647 cotidie
1178 1583 1225 1647 eis
1250 1581 1411 1648 recitanda

300 1669 334 1730 in
358 1667 428 1732 rsit.

387 1767 438 1834 25.
471 1765 702 1832 Monachorum
735 1787 863 1854 quoque
894 1788 999 1832 mores
1032 1776 1152 1854 quanta
1183 1765 1353 1832 dilectione
1381 1773 1410 1830 et

303 1851 461 1917 industrie
483 1851 623 1916 correxit
643 1858 739 1937 atque
761 1871 781 1914 a
802 1848 900 1915 seculi
920 1849 1033 1916 habitu
1054 1849 1210 1933 distinxit,
1239 1859 1290 1915 sat
1310 1849 1408 1915 dicere

303 1956 369 2000 non
390 1944 448 2000 est.
491 1933 564 1998 Non
586 1931 686 1998 solum
710 1934 795 1999 enim
824 1933 986 2020 religionis
1015 1934 1169 2020 dignitate
1198 1955 1252 2000 eos
1275 1935 1409 2018 insignes

303 2039 459 2106 apparere
489 2017 618 2098 studuit,
644 2039 757 2082 verum
786 2018 882 2084 etiam
909 2019 1004 2084 bonis
1032 2017 1245 2084 exterioribus
1267 2039 1409 2104 augmen·

185 2111 386 2182 ·p.e14.tatos
407 2099 494 2167 nullo
516 2101 613 2166 modo
636 2101 755 2166 *minui
776 2100 917 2188 prudens
945 2102 1063 2201 adegit.
1108 2102 1199 2184 Quos
1221 2123 1295 2166 cum
1317 2099 1410 2166 multo

304 2185 422 2253 coleret
453 2207 572 2269 amore,
605 2187 759 2272 precipua
790 2195 897 2252 tamen
928 2185 1015 2252 beati
1046 2185 1187 2273 Remigii
1218 2187 1409 2251 Francorum

303 2271 431 2360 patroni
462 2268 634 2336 monachos
667 2269 798 2334 carimte
830 2268 1019 2352 extollebat3
1051 2269 1136 2334 unde
1168 2279 1201 2335 et
1227 2291 1337 2334 eorum
1363 2289 1410 2332 res
1459 2303 1460 2346 3

221 2353 456 2425 sussubilirir
478 2357 697 2442 inposterum
719 2355 862 2440 cupiens,
884 2354 1019 2418 Romam
1042 2355 1207 2418 concessit.
1243 2353 1288 2418 Et
1307 2362 1410 2438 utpote
1459 2353 1460 2358 ’

303 2440 353 2504 vir
372 2437 488 2505 nobilis
510 2449 542 2504 et
563 2448 711 2504 suenuus
733 2437 870 2502 etfama
891 2435 1001 2503 celibis
1024 2437 1110 2504 vitae
1132 2437 1281 2504 omnibus
1303 2436 1411 2516 clarus,

303 2543 323 2587 a
357 2521 471 2588 beatae
503 2523 675 2588 memoriae
704 2519 846 2586 Iohanne
879 2542 966 2609 papa
999 2543 1073 2586 cum
1104 2519 1204 2586 multa
1239 2519 1410 2587 reverentia

303 2615 458 2692 exceptus
480 2613 537 2669 est.
580 2603 611 2668 A
632 2627 695 2704 quo
718 2605 814 2669 etiam
835 2615 910 2691 post
930 2613 1042 2677 mutue
1063 2603 1223 2691 colloquia
1243 2605 1355 2687 iussus,
1381 2604 1410 2665 in

303 2687 356 2754 die
383 2686 528 2753 natalitia
555 2687 1159 2776 Domini,12procedentibusepisco
1184 2689 1222 2772 is,
1249 2689 1411 2754 missarum

303 2771 491 2859 sollempnia
512 2770 693 2837 celebravit.
728 2772 768 2836 In
789 2781 879 2839 tanta
900 2773 968 2838 eius
988 2773 1093 2860 gratia
1113 2711 1252 2858 halitus,
1273 2782 1310 2838 ut
1323 2771 1361 2836 ab
1376 2791 1411 2835 eo

302 2865 468 2943 rogaretur
487 2865 606 2942 petere,
628 2856 655 2920 si
677 2855 755 2944 quid
776 2865 909 2944 optaret.

303 2978 354 3042 26.
388 2975 484 3058 Quod
504 2983 605 3042 metro
630 2973 722 3040 olita‘
740 2974 902 3042 Adalbero
923 2974 978 3041 de‘
997 2977 1111 3044 rebusr
1125 2977 1227 3043 sancti
1246 2975 1413 3060 Remigiis

489 3060 591 3147 papar
606 2997 753 3126 iohanne
775 3057 997 3147 privilegium‘
1018 3062 1089 3127 fieri
1110 3061 1218 3148 petitt

386 3161 479 3227 'l'unc
506 3166 559 3228 vir
586 3160 802 3228 memorabilis
829 3162 875 3226 sic
907 3183 1055 3228 exorsus:
1088 3160 1279 3245 ‘Quoniam',
1307 3160 1412 3308 inanit,

303 3251 405 3334 ‘pater
431 3247 647 3328 sanctissime,
680 3243 780 3311 multa
808 3245 940 3311 caritate
968 3245 1070 3312 filiurn
1102 3245 1290 3332 complexus
1319 3266 1337 3308 a
1383 3250 1411 3306 te

302 3329 461 3431 ampliust
489 3329 661 3413 attraxisti,
684 3330 771 3417 quod
798 3329 858 3395 tihi
888 3349 1057 3396 onerosum
1086 3331 1136 3414 sit,
1157 3329 1332 3417 petendum
1352 3347 1411 3390 non

300 3415 445 3481 arbrtror.
488 3415 575 3480 Novi
596 3415 690 3496 enim,
707 3411 793 3562 Ἦιοᾱ
813 3411 949 3499 diligens
969 3423 1061 3500 pater
1079 3414 1241 3480 interdum
1262 3413 1327 3478 filio
1347 3431 1412 3496 gra·

301 3499 539 3599 varigaudeat.
577 3496 642 3563 Sed
661 3497 717 3562 illu
760 3509 868 3584 petere
890 3519 943 3596 me
963 3498 1127 3585 proposui,
1149 3497 1236 3597 quod
1257 3506 1311 3562 et⁸
1330 3503 1409 3560 tanto

326 3591 387 3647 atu
411 3603 581 3647 onerosum
608 3603 674 3647 non
694 3581 751 3646 fiat
772 3591 804 3647 et
824 3589 945 3668 petenti
966 3585 1043 3647 satis
1065 3581 1224 3647 commodi
1246 3585 1411 3667 comparet

183 3687 241 3734 'rou
258 3603 364 3735 sallat
382 3666 463 3729 mihi
483 3666 517 3729 in
532 3663 646 3729 Galliis
663 3665 892 3730 monachorum
914 3666 1155 3748 *coenobiumh
1176 3687 1242 3730 nou
1262 3664 1353 3751 longe
1371 3659 1412 3723 ab

303 3748 383 3814 urbe
404 3749 577 3814 Remorum
599 3749 703 3814 situm.
747 3749 812 3814 Ubi
834 3749 930 3814 etiem
951 3749 1037 3815 beati
1058 3749 1198 3836 Remigii
1219 3749 1412 3813 Francorum

326 3833 429 3897 atroni
451 3853 489 3897 co
530 3853 569 3896 us
591 3833 826 3898 sanctissimum
848 3831 1070 3899 decentissime
1089 3833 1232 3921 quiescit,
1255 3833 1309 3897 cui
1323 3830 1412 3896 etiam

302 3855 405 3982 honor
432 3853 617 3983 exhibetur¹
646 3916 784 3983 debitus.
835 3915 936 3982 Ouius
960 3939 1012 3982 res
1039 3918 1074 3982 in
1100 3925 1263 4003 posterum
1285 3908 1411 4008 stabiliri

302 4001 436 4068 firmiter
464 4022 634 4102 quaerens,
662 4010 788 4066 vestrae
817 4001 1015 4067 auctoritatis
1042 3999 1211 4088 privilegio
1239 3999 1410 4066 eonffimau

301 4086 568 4174 inpresentiarum
590 4084 739 4172 deposco,
760 4095 861 4150 terras
882 4083 1032 4152 videlicet
1048 4083 1147 4152 cultas
1162 4094 1259 4172 atque
1273 4079 1410 4158 incultas,

361 4289 384 4343 a)
397 4297 448 4342 poss
463 4293 513 4334 aas.
574 4290 598 4345 o)
614 4292 705 4333 strenuo
722 4293 743 4333 r.
804 4288 825 4342 e)
841 4290 864 4332 u.
882 4291 996 4333 exorante
1014 4293 1034 4332 1.
1094 4289 1119 4344 e>
1135 4277 1249 4331 nemrim.
1259 4290 1279 4332 1.
1336 4282 1408 4336 asu·

301 4349 380 4390 btlltss
397 4352 417 4391 1.
506 4349 525 4403 t)
548 4352 644 4403 opollta,
660 4351 781 4402 derebus,
797 4359 835 4402 pe,
851 4349 937 4401 egium,
953 4351 981 4390 tlt
996 4350 1053 4391 abac.
1151 4347 1175 4400 g)
1192 4349 1223 4389 ad
1238 4351 1260 4389 te
1276 4357 1297 4388 s.
1312 4345 1339 4386 sd
1352 4347 1372 4382 te
1387 4342 1408 4382 1.

301 4405 326 4461 h)
342 4408 367 4449 tu
381 4408 427 4448 atta
442 4409 517 4450 charta
532 4410 576 4450 atto
592 4413 711 4450 cerasumto
723 4409 800 4459 pergit,
816 4407 992 4458 manufortem
1007 4409 1087 4452 altena.
1152 4405 1169 4459 l)
1187 4411 1291 4451 servatur
1306 4405 1325 4444 1.
