2936 5010
327 411 379 463 150
562 409 715 462 RlOHERI
734 410 984 464 HISTORIARUM
1002 411 1114 461 LIBER
1133 409 1201 460 1111.

265 589 446 646 iratenens.
483 578 544 642 Oui
564 599 641 642 mox
663 579 712 642 sui
733 579 925 661 assistentes,
947 587 1056 664 utpote
1078 577 1171 642 huius
1193 578 1338 642 facinoris
1359 598 1422 640 oon-

327 665 394 745 scii,
416 663 457 728 ab
478 659 680 726 Adalberone
702 684 812 727 omnes
837 663 1010 727 intromissi
1037 673 1119 726 sunt.
1161 661 1300 726 Karolus
1325 671 1355 726 et
1373 662 1422 725 Ar-

208 763 248 818 ·p.
265 767 316 808 sss.
327 747 432 812 nulfirs
446 747 600 812 matutino
616 749 747 811 *somno
764 748 918 834 oppressi,
941 746 1154 833 quiescebant.
1189 747 1306 811 Coram
1321 746 1422 832 quibus

327 854 401 897 cum
422 830 527 896 hostes
548 831 633 895 facto
655 833 782 917 agmine
804 831 961 912 adessent,
983 841 1015 896 et
1036 829 1081 894 illi
1096 831 1313 917 expergefacti
1325 829 1423 894 adver·

327 919 426 980 serios
455 915 675 995 advertissent,
705 936 725 978 a
752 915 841 980 lectis
870 915 1069 1002 prosilientes
1098 926 1128 980 et
1155 937 1245 979 arma
1273 937 1422 1000 capessere

326 1003 472 1082 nitentes,
494 1020 553 1065 neo
566 999 769 1085 reperientes,
792 1009 958 1084 querrmt⁸,
974 997 1126 1084 quidnam
1141 1000 1314 1064 matutinus
1328 1021 1423 1062 eorum

327 1085 438 1150 afferat
467 1093 606 1150 eventus.
650 1081 810 1148 Adalbero
831 1105 920 1148 vero:
953 1083 1142 1164 Quoniam,
1172 1085 1292 1182 inquit,
1322 1090 1422 1146 ‘arcem

325 1169 409 1234 hanc
432 1167 510 1232 mihi
530 1190 574 1231 nu
598 1189 631 1232 er
652 1168 848 1254 surripuistis
871 1177 902 1232 et
919 1167 961 1232 ab
981 1191 1019 1232 ea
1039 1167 1165 1232 exulem
1179 1168 1268 1232 abire
1283 1167 1423 1252 coegistis,

327 1263 359 1318 et
384 1275 443 1318 vos
471 1252 545 1316 hino
572 1189 718 1315 dissimili
744 1261 850 1318 tamen
877 1251 1004 1316 fortuna
1056 1250 1203 1316 ellemini.
1254 1252 1324 1336 Ego
1352 1251 1424 1314 enim

350 1337 449 1424 roprii
470 1337 547 1400 iuris
567 1338 715 1400 remansi.
756 1336 823 1401 Vos
845 1334 946 1400 alieno
970 1274 1135 1400 sublhitis'.
1173 1335 1246 1399 *Ad
1266 1335 1424 1400 hecKaro-

327 1360 390 1486 lus:
423 1421 504 1502 (ΑΠ’,
537 1421 649 1506 inquit,
682 1425 710 1483 ‘o
743 1421 903 1508 episcope,
925 1419 1090 1485 hesternae
1117 1441 1213 1484 cenae
1236 1441 1355 1484 memor
1380 1419 1423 1498 sis,

327 1506 461 1570 nimium
483 1505 589 1568 miror.
633 1504 706 1567 Non
727 1525 802 1590 ergo
824 1507 895 1590 ipsa
916 1503 1101 1569 Divinitatis
1122 1506 1299 1568 reverentia
1318 1501 1424 1566 inhibe-

327 1589 396 1654 bit‘?
417 1589 536 1654 nihilne
551 1589 601 1652 ius
616 1589 829 1654 sacramenti?
842 1588 920 1652 nihil
935 1587 1098 1654 hesternae
1114 1609 1209 1652 cenae
1224 1585 1425 1674 imprecatio’?

328 1673 372 1738 Et
399 1673 458 1738 hec
485 1673 602 1755 dicens,
629 1695 762 1758 preceps
791 1675 824 1736 in
852 1673 975 1736 hostem
1003 1672 1111 1736 ferun.
1155 1672 1260 1752 Quem
1286 1671 1425 1736 furentem

329 1757 444 1821 armati
469 1756 670 1820 circumdant
702 1768 797 1842 atque
824 1757 857 1819 in
885 1756 1001 1821 lectum
1029 1755 1191 1841 repulsum
1219 1757 1425 1842 comprimunt.

329 1841 398 1905 Neo
419 1841 523 1904 minus
544 1839 715 1903 Arnulfum
736 1840 924 1924 pervadunt.
962 1841 1051 1921 Quos
1073 1840 1316 1926 comprehensos
1336 1841 1368 1902 in
1386 1860 1425 1902 ea

330 1925 404 1990 dem
425 1925 505 1987 turri
526 1923 700 1988 includunt.
740 1925 867 1988 Turrim
890 1947 1016 2012 quoque
1038 1923 1179 1990 clavibus
1201 1934 1232 1988 et
1255 1925 1331 1988 seris
1351 1945 1425 2007 repa-

329 2006 487 2156 gulisque,
510 2006 695 2073 custodibus
718 2008 876 2090 adhibitis,
906 2010 1060 2074 muniunt.
1104 2007 1198 2073 Unde
1227 2029 1301 2072 cum
1322 2007 1426 2072 clamor

343 2094 518 2158 eminarum
539 2113 773 2178 puerorumque
794 2092 889 2157 simul
910 2104 941 2158 et
961 2092 1150 2157 famulorum
1172 2091 1308 2157 ululatus
1324 2094 1356 2156 in
1369 2111 1425 2154 oae-

329 2175 395 2241 lum
424 2175 568 2255 ferretur,
597 2178 683 2242 cives
710 2199 769 2263 per
795 2177 908 2242 urbem
929 2177 1048 2242 turbati
1069 2186 1101 2242 et
1121 2177 1338 2262 expergefacti
1357 2184 1424 2238 sunt

331 2263 534 2348 Quicumque
548 2259 660 2326 Karoli
681 2262 824 2347 partibus
845 2260 1003 2344 favebant,
1024 2283 1101 2326 mox
1120 2261 1268 2347 profugio
1284 2284 1350 2326 sese
1363 2259 1425 2322 libe-

331 2355 489 2410 raverunt.
540 2345 635 2426 Quod
667 2346 762 2410 etiam
793 2347 850 2410 vix
878 2347 998 2410 factum
1030 2345 1097 2410 fuit.
1141 2345 1223 2410 Nam
1256 2368 1329 2410 cum
1359 2364 1425 2430 pene

331 2431 457 2494 adhucb
472 2429 626 2514 fugerent,
641 2431 747 2494 statim
761 2438 828 2494 tota
842 2431 952 2495 civitas
968 2429 1129 2494 obfirmari
1143 2431 1205 2495 abc
1220 2429 1425 2494 Adalberone

332 2516 418 2578 iussa
440 2522 495 2595 est,
525 2523 560 2577 ut
581 2536 690 2578 omnes
714 2535 793 2601 quos
814 2512 876 2578 sibi
898 2513 1048 2578 adversos
1077 2514 1211 2662 putabat
1239 2513 1425 2600 eomprehen-

331 2599 429 2662 deret.
472 2599 617 2677 (quaesiti
636 2597 733 2680 fuere,
755 2620 815 2663 nec
835 2599 962 2684 reperti.
1008 2598 1075 2663 Sub
1100 2609 1190 2663 uctus
1212 2609 1261 2663 est
1282 2609 1314 2663 et
1333 2592 1426 2660 Karoli

331 2679 414 2744 filius
436 2679 570 2761 biennis,
591 2683 691 2766 patris
710 2681 903 2746 vocabulum
924 2683 1053 2765 habens,
1076 2693 1108 2748 et
1128 2707 1147 2747 a
1170 2684 1351 2770 captivitate
1364 2679 1424 2742 libe·

330 2773 447 2828 ratus1.
479 2763 641 2830 Adalbero
662 2767 732 2850 regi
747 2765 953 2830 silvanectim
976 2766 1097 2853 legatos
1113 2768 1195 2831 otius
1210 2767 1320 2848 mittit3
1343 2784 1425 2851 quon·

331 2848 406 2912 dam
427 2847 577 2912 amissam
598 2847 711 2913 urbem
731 2849 815 2913 iarnc
836 2861 1009 2936 receptam,
1031 2851 1185 2915 Karolum
1207 2871 1280 2914 cum
1297 2870 1390 2914 uxore
1403 2855 1426 2908 et

331 2933 413 2997 natis
435 2941 573 3018 captum,
596 2941 629 2996 at
651 2956 690 2998 ue
705 2932 875 2999 Arnulfum
895 2938 977 3000 inter
996 2935 1103 2999 hostes
1123 2937 1288 3000 inventum
1310 2944 1341 2998 et
1358 2953 1425 2995 corn·

331 3015 536 3101 prehensum,
564 2955 710 3100 meddam
740 3018 824 3083 unde
852 3029 884 3084 et
912 3021 979 3085 sine
1008 3042 1097 3084 mora
1128 3041 1201 3082 cunr
1228 3029 1424 3105 quotcumque

331 3110 440 3185 posset
467 3102 589 3184 veniat3
620 3103 773 3166 exercitui
803 3102 979 3188 colligendo
1001 3125 1125 3168 moram
1145 3103 1265 3167 nullam
1286 3100 1424 3169 intendat

331 3185 452 3268 vicinis,
480 3185 733 3286 quibuscumque
763 3187 901 3268 confidit,
933 3196 968 3251 ut
994 3197 1068 3274 post
1096 3209 1129 3251 se
1157 3189 1295 3270 veniant,
1322 3186 1424 3270 legatos

330 3271 450 3353 mittat3
472 3292 621 3356 moxque,
644 3280 703 3335 ets1
726 3293 798 3334 cum
819 3273 941 3358 paucis,
964 3281 1080 3337 veniat.
1349 3293 1352 3308 ¹

300 3407 302 3413 '
331 3390 382 3456 48.
403 3392 475 3456 Rex
484 3393 507 3474 (¹,
523 3392 624 3477 captis
635 3389 774 3456 Karolod
790 3392 843 3456 etd
856 3390 999 3473 Arnulfo,
1010 3392 1223 3457 Laudunum‘¹
1238 3384 1425 3477 ingrediturl·

414 3495 486 3558 Rex
508 3504 721 3580 quotcumque
742 3503 848 3580 potest
869 3497 1001 3559 assumit
1022 3504 1053 3559 et
1072 3496 1138 3560 sine
1154 3494 1304 3560 dilatione
1319 3487 1425 3557 Laudu·

332 3599 409 3640 num
430 3578 518 3663 petit.
554 3577 738 3663 Nactusque
757 3578 870 3642 urbem
892 3590 923 3644 et
945 3579 1033 3664 regia
1052 3579 1206 3663 dignitate
1227 3587 1383 3664 exceptus,
1396 3571 1425 3634 de

333 3659 432 3723 salute
453 3658 596 3724 fidelium
617 3660 768 3747 urbisque
790 3685 841 3727 ere
866 3665 951 3728 tione
967 3673 997 3726 et
1011 3663 1148 3727 hostium
1164 3685 1235 3728 com
1260 3660 1426 3727 rehensione

334 3745 470 3828 quesivit
490 3753 521 3808 et
541 3743 702 3809 addidicit.
746 3747 809 3811 Die
831 3685 929 3810 altera
951 3747 1073 3812 civibus
1095 3749 1215 3830 accitis,
1236 3686 1277 3812 de
1299 3745 1358 3810 fide
1378 3737 1427 3803 sibi

333 3827 480 3892 habenda
507 3836 688 3914 pertractat.
730 3829 789 3912 Illi,
816 3831 883 3894 acsi
904 3834 959 3918 qui
981 3833 1066 3918 capti
1087 3843 1177 3897 erant
1199 3839 1230 3895 et
1252 3832 1306 3918 qui
1326 3832 1383 3894 iarn
1401 3824 1426 3884 in

333 3915 384 3976 ius
392 3910 523 3976 ‘alterius
535 3923 704 3996 cesserant,
716 3913 812 3978 fidem
823 3913 945 3980 faciunt
955 3926 987 3980 et
997 3919 1064 4000 regi
1077 3927 1274 3982 sacramento
1287 3915 1426 3980 asciscun-

334 4007 395 4062 tur.
439 3997 536 4062 Urbis
561 4020 600 4062 ue
629 3999 796 4064 securitate
824 3999 916 4078 facta,
945 4023 1004 4065 rex
1027 3999 1251 4066 Silvanectime
1278 4007 1426 4085 postcom

335 4083 437 4168 captis
463 4018 606 4146 hostibus
632 4082 735 4147 rediit.
792 4082 874 4148 Suos
904 4084 1018 4150 deinde
1045 4087 1219 4167 sciscitans,
1251 4071 1427 4148 deliberandi

333 4169 487 4232 rationem
509 4165 669 4253 querebat.

393 4309 415 4362 a)
432 4313 508 4361 querit
524 4314 544 4351 1.
608 4310 630 4363 b)
647 4313 676 4352 ad
691 4312 751 4352 hunc
766 4323 823 4352 corr.
838 4314 912 4354 adhuc
929 4316 948 4354 1.
1017 4312 1038 4367 c)
1051 4320 1101 4366 post
1117 4315 1167 4356 aas.
1244 4314 1268 4369 d)
1283 4315 1321 4366 Rs,
1335 4305 1426 4363 K(tr⁰l⁰)

334 4373 357 4408 et
372 4369 400 4421 A,
415 4382 470 4410 num
485 4371 494 4410 i
509 4370 574 4423 absa,
590 4372 664 4411 editur
680 4382 690 4410 ι
704 4383 760 4414 corr.
822 4370 843 4424 e)
861 4371 884 4414 S.
902 4373 970 4414 rediit
986 4375 1007 4416 1.

410 4479 437 4550 1)
456 4484 541 4535 Aliter
559 4484 640 4551 Hugo
659 4485 729 4538 Flor.
750 4503 773 4538 c.
795 4488 819 4550 7,
840 4487 888 4539 SS.
908 4488 956 4552 IX,
975 4507 1002 4556 p.
1022 4489 1086 4540 402.
1184 4481 1195 4490 ’
