2938 5016
282 417 436 471 monent
456 417 711 472 msrcmauuu
729 417 843 471 LIBER
861 418 900 470 11.
1122 421 1156 472 bl

96 585 145 651 23.
178 585 279 674 Hugo
300 607 340 651 ac
360 583 553 652 Heribertus
574 585 608 650 in
628 585 715 671 regis
736 585 882 652 absentie
902 583 1098 652 Laudunum
1164 605 1216 650 ero.

501 670 691 756 inpugnant

116 771 258 858 Hugone
280 795 314 838 er
338 793 357 837 o
384 771 532 854 diacono,
561 773 679 837 tiranni
699 769 776 854 filio,
804 771 914 838 Remis
940 771 1060 857 relicto,
1086 775 1153 839 iam

44 847 157 940 pridem
179 857 277 922 otiam
292 794 336 920 ed
348 858 570 943 episcopatum
600 856 689 922 urbis
709 855 810 942 ipsius
832 865 977 932 evocato,
998 858 1010 921 i
1034 879 1068 923 se
1089 857 1153 924 He-

43 937 169 1006 ribertus
190 950 289 1026 atque
310 940 410 1026 Hugo
432 938 626 1005 Leudunum
648 949 745 1004 cum·
762 961 800 1004 co
825 939 887 1004 iis·
908 961 1008 1026 aggre
1034 942 1150 1024 unuin,

44 1022 234 1089 obsidionem
255 1023 397 1111 undique
411 1022 611 1107 adhibentes,
632 1024 747 1090 urbem
761 1046 794 1089 m
820 1024 915 1090 'tibus
929 1045 1067 1089 vacuam
1082 1026 1153 1108 reti,

44 1127 75 1172 eo
96 1107 182 1194 quod
204 1130 265 1173 rex
279 1107 476 1196 inpartibus
490 1107 699 1194 Burgrmdiae
713 1106 925 1174 exterioribus
939 1107 1003 1173 alie
1017 1118 1152 1174 curaret.

43 1190 80 1256 Et
112 1213 176 1290 que
212 1201 362 1279 poterent
398 1201 638 1280 oppugnantes,
675 1191 802 1278 ingredi
837 1191 1042 1258 conabantur.
1096 1192 1221 1259 *At'sot
1238 1205 1283 1252 1⁸¹·

43 1286 147 1341 monus
177 1277 352 1344 eminentia
380 1276 600 1363 superioribus
628 1277 784 1362 imperes,
816 1297 881 1341 non
913 1277 1011 1342 semel
1040 1277 1152 1342 cedere

44 1361 136 1509 coactli
162 1370 248 1426 sunt.
290 1361 459 1426 Instebent
484 1369 593 1428 tamen
620 1382 659 1425 ec
687 1362 756 1446 regi
781 1359 962 1446 ingressum
988 1361 1153 1448 preripere

44 1454 242 1509 cuneantur.

214 1565 267 1629 24.
298 1563 410 1650 negeb
432 1563 643 1632 advenienteb
667 1563 791 1630 obsidio
813 1561 975 1630 solviturl‘.

115 1665 251 1752 lemque
284 1664 481 1731 ebdomades
514 1677 637 1755 septem
674 1668 760 1754 obpu
784 1675 947 1750 neverant,
984 1687 1058 1731 cum
1093 1688 1153 1734 rex

42 1744 126 1814 huius
146 1751 195 1816 rei
217 1750 341 1815 accitus
361 1751 484 1835 nuntio,
505 1752 539 1816 in
562 1751 739 1838 Oempenie
795 1752 916 1816 emensi
942 1751 1152 1838 tempestivus

42 1831 130 1898 effirit.
179 1833 225 1898 Et
253 1831 330 1898 licet
356 1854 430 1898 cum
482 1836 582 1920 aucis,
610 1834 746 1900 fluvium
774 1844 881 1902 tamen
902 1833 1053 1900 Axonam
1081 1858 1151 1922 per-

42 1927 116 1982 meet
136 1928 169 1984 et
189 1917 238 1982 sic
260 1917 295 1980 in
315 1916 423 1983 hostes
458 1929 555 1984 ertur.
599 1919 673 2000 Quo
695 1930 870 2006 comperto,
896 1920 1043 2002 tiranni0,
1064 1922 1151 2005 regis

60 2022 96 2065 uo
118 2024 158 2066 ue
188 2002 335 2066 animum
364 2001 522 2090 simulque
551 2012 584 2068 et
610 2004 804 2090 aequitatem
829 2003 1079 2092 perpendentes,
1109 2005 1151 2069 ab

43 2103 57 2147 o
77 2086 102 2149 si
126 2087 198 2150 ’one
222 2085 400 2150 discedunt.
443 2087 515 2152 Rex
536 2109 613 2152 vero
638 2087 811 2173 ingressus,
838 2090 943 2154 victus
969 2088 1151 2153 necessaria

41 2169 97 2233 suis
123 2172 253 2256 paravit
279 2192 319 2234 ec
348 2192 494 2257 quaeue
523 2170 693 2236 commode
725 2172 893 2238 ordinavit.
947 2168 1066 2256 Sicque
1087 2169 1151 2234 elie

41 2249 256 2340 dispositurum,
288 2192 514 2339 Burgundram
534 2256 660 2341 repetit.
713 2255 753 2320 In
774 2256 865 2320 cuius
887 2253 1029 2320 discessu
1049 2251 1149 2317 Wido

42 2334 223 2405 Suessorum
244 2337 415 2424 episcopus
436 2359 457 2402 a
478 2338 693 2405 desertoribus
715 2361 838 2422 suasus,
859 2360 897 2404 co
921 2338 1008 2424 quod
1030 2337 1149 2423 etipse

41 2441 138 2487 eorum
195 2429 281 2486 artes
315 2420 449 2488 latenter
480 2432 632 2504 tueretur,
663 2422 782 2489 Remos
812 2422 954 2505 veniens,
986 2419 1150 2486 Heriberti

39 2502 128 2570 filium
148 2444 326 2604 flumem
347 2504 562 2592 presbiterum
584 2505 753 2573 ordinavit
796 2506 891 2572 Unde
914 2515 946 2572 et
968 2528 1042 2572 eum
1056 2513 1149 2592 peter

40 2589 220 2656 sacerdoteh
242 2589 397 2675 dignitate
426 2589 582 2678 ampliare
612 2591 755 2677 cupiens,
783 2601 820 2658 ut
840 2589 994 2656 Artoldus
1022 2588 1148 2678 pontifi-

40 2682 117 2738 catus
137 2675 234 2761 epice
255 2671 399 2759 legaliter
419 2675 611 2762 privaretur,
637 2676 791 2742 instanter
819 2675 1002 2776 quaerebat.
1046 2672 1147 2740 Cuius

39 2757 77 2819 rei
95 2761 252 2824 rationem
274 2779 348 2822 cum
369 2757 509 2845 Hugono
530 2758 613 2824 duce
632 2758 766 2826 contulit
779 2783 818 2826 ac
832 2783 866 2824 m
881 2760 1029 2826 effectum
1042 2757 1147 2844 redigi

39 2838 201 2907 admodum
224 2842 327 2928 petiit.

56 2971 100 3038 25.
121 2971 298 3038 Artoldus‘¹
320 2994 341 3036 e
361 2971 708 3060 comprovincialibusd
729 2970 912 3070 episcopis‘¹
928 2968 1125 3057 repudiatur,

351 3058 404 3122 etl
425 3079 484 3144 pro
507 3078 545 3122 oo
567 3057 665 3142 Hugo
688 3055 824 3142 eligitur.

110 3158 281 3246 Disposite
312 3181 388 3245 ergo
422 3159 582 3224 rationum
614 3180 750 3241 summe,
782 3156 950 3222 Remensis
981 3154 1145 3220 dioceseos
1157 3182 1207 3227 eu.

39 3239 198 3329 episcopos
222 3251 410 3324 convocent,
440 3243 496 3329 qui
521 3243 604 3308 inter
625 3241 797 3308 Artoldum
826 3249 857 3305 et
877 3238 1051 3324 Hugonem
1073 3257 1146 3301 con-

38 3327 216 3391 troversiam
252 3326 465 3392 determinent
500 3325 761 3414 obiectorumque
802 3323 899 3388 finem
939 3321 1145 3387 constituent

40 3403 163 3475 Collecti
177 3433 214 3476 er
237 3431 256 3474 o
276 3410 364 3497 apud
384 3409 499 3476 urbem
514 3410 749 3493 Suessonicem,
769 3409 803 3472 in
817 3404 951 3471 basilica
965 3412 1147 3469 sanctonum

38 3495 195 3559 martirum
246 3495 360 3582 rispini
382 3503 414 3559 et
435 3492 642 3581 Crispiniani,
664 3494 785 3558 civium
802 3489 1010 3556 Remsnsium
1032 3508 1145 3586 querc·

14 3570 92 3639 'lem
112 3580 184 3643 exoi
210 3578 290 3662 iunt,
312 3577 487 3644 dicentium
509 3600 578 3644 sese
599 3578 778 3644 diutissime
804 3583 934 3662 pastore
963 3572 1146 3655 desbtutos3

38 3661 83 3724 cui
109 3601 290 3729 subdentur
316 3672 349 3728 et
374 3661 600 3749 obsequantur,
628 3659 815 3750 suppliciter
841 3666 1008 3746 expetere;
1041 3654 1146 3756 Artol-

38 3741 107 3810 dum
127 3747 194 3811 iam
216 3769 250 3812 se
271 3745 366 3830 nolle,
387 3768 426 3812 eo
448 3745 536 3834 quod
557 3753 755 3812 sacramento
777 3743 976 3831 episcopium
998 3739 1146 3828 repudia·

38 3829 123 3914 verit;
145 3841 180 3896 at
201 3830 385 3917 Hugonem,
408 3829 496 3918 quod
511 3831 654 3896 omnium
668 3830 786 3894 unione
801 3826 920 3892 electus
935 3824 1147 3911 omnibusque

38 3914 272 4000 acceptissimus
294 3915 345 3980 sit.
388 3913 534 3996 Quorum
557 3913 765 4002 querimoniis
793 3910 937 3998 episcopi
958 3918 1146 3990 annuentes,

39 3997 207 4064 sacerdotio
229 3997 364 4084 dignum
392 3998 566 4084 Hugonem
592 4007 747 4080 esserunt,
777 4016 815 4060 eo
843 3993 930 4082 quod
955 4015 1020 4060 non
1042 3990 1146 4056 solum

40 4082 134 4146 cernis
161 4079 322 4166 nobilitas,
348 4080 406 4146 sed
428 4091 460 4148 et
479 4081 580 4148 animi
600 4102 706 4148 mores
732 4077 844 4166 pudici
894 4076 1045 4142 lurimum
1072 4095 1147 4138 eum

40 4165 304 4249 commendarent3
336 4175 442 4232 ratum
474 4165 570 4232 etiem
602 4164 680 4250 lore,
707 4165 735 4230 si
760 4163 842 4229 tanti
866 4101 995 4227 doneris
1021 4156 1147 4224 ordmeri

39 4412 58 4450 ,ι
70 4353 177 4456 ΜΕΝ
191 4357 243 4398 ⁶⁴³·
304 4355 329 4410 b)
344 4356 372 4410 Rs
392 4357 425 4411 nl,
446 4367 458 4398 ι
479 4356 535 4401 etse.
595 4354 617 4409 c)
632 4355 769 4399 floribertus
789 4356 813 4394 st
832 4351 901 4402 Euro
924 4353 946 4393 1.
1007 4346 1031 4403 d)
1045 4349 1074 4403 Α,
1089 4359 1109 4391 s.
1126 4361 1148 4402 ο,

869 4482 911 4547 4.
