2938 5016
154 1281 356 1381 *Rioberuu
386 1311 421 1364 ut
448 1303 523 1388 ipso
545 1302 691 1366 tradente
714 1301 880 1380 discimus,
902 1300 1021 1366 Sancti
1042 1303 1255 1388 Remioii⁸⁸⁸·
1272 1313 1315 1366 111.

48 1397 168 1452 eastra
186 1407 296 1449 muros
311 1385 482 1450 Remea-ses
497 1387 676 1451 monachus
686 1397 707 1466 ¹,
725 1395 854 1469 patrem
869 1385 982 1450 babuit
995 1385 1187 1470 Rodulfum‚
1212 1382 1233 1424 Ρ·
1251 1371 1302 1413 ⁵⁶¹·

48 1472 239 1536 Ludovici
254 1471 486 1535 lbansmarini
500 1474 588 1556 reqis
603 1470 734 1534 militem
749 1472 798 1532 *et
812 1468 1048 1534 consiliarium.
1091 1471 1236 1536 Patcr‘r·
1252 1486 1303 1527 ⁶⁶²·

49 1554 224 1622 ‘consilio
253 1555 444 1634 commodus,
466 1555 640 1639 facundia
670 1552 767 1618 simul
788 1563 817 1618 et
838 1555 983 1618 audacia
1006 1555 1186 1638 plurimus,

49 1641 159 1705 unde
185 1648 215 1701 et
236 1660 295 1701 reu
317 1638 492 1704 admodum
514 1643 544 1703 ei
567 1637 793 1704 consuescebat
813 1648 842 1704 et
864 1639 956 1722 apud
977 1662 1049 1703 eum
1064 1662 1119 1702 sae
1144 1643 1186 1704 is-

50 1729 149 1790 sima
177 1722 400 1802 consultabat‚'
422 1725 508 1788 inter
524 1724 593 1787 alia
609 1745 692 1808 quoe
704 1725 864 1806 patravit,
888 1745 977 1786 anno
992 1723 1063 1787 949.
1099 1663 1186 1788 Elissa

50 1810 156 1874 duni
182 1807 339 1890 capiendi
360 1807 507 1872 ordinem
536 1810 574 1872 in
600 1807 735 1872 consilio
764 1829 799 1869 rc
823 1809 852 1871 is
898 1809 1046 1891 roposuit
1067 1817 1096 1872 et
1116 1810 1186 1893 ipse

50 1896 139 1958 dum
152 1890 304 1975 feliciter
325 1901 476 1955 essecutus
498 1901 543 1954 est
552 1902 574 1972 ²,
598 1901 693 1978 atque
709 1915 739 1955 a.
755 1831 828 1955 95l.
851 1830 1034 1978 (lirberqoe
1048 1894 1186 1979 reoinoe

49 1976 197 2042 viridem
212 1975 351 2039 Mentem
365 1974 546 2054 Castriloci,
563 1977 765 2040 Hannoniae
780 1984 888 2060 caput,
904 1986 1001 2040 noctu
1016 1999 1186 2062 eupuync-
1241 2021 1244 2030 .

50 2065 111 2126 vit
143 2069 177 2122 et
197 2060 416 2144 Raqeuerum,
444 2063 501 2146 qui
522 2062 657 2146 re9inae
679 2062 826 2145 injurias
848 2059 1012 2137 intulerat,
1035 2083 1137 2125 umore
1158 2070 1188 2124 et

50 2146 185 2211 liberis
219 2144 295 2206 inde
328 2143 463 2225 ablotis,
501 2145 545 2208 ad
578 2143 850 2229 satisfaciendum
882 2148 1018 2230 reginae
1051 2148 1185 2230 coeqit⁸.

53 2229 146 2296 Tali
164 2237 266 2312 patre
288 2228 409 2292 editum
431 2237 459 2290 et
473 2228 629 2292 Lotlsario
652 2251 736 2313 reae,
759 2231 817 2314 qui
837 2228 971 2292 ultimus
985 2229 1183 2292 Karolorum

52 2313 268 2460 dilanitatem
296 2314 422 2398 reqiam
447 2314 533 2375 inter
562 2311 643 2376 bella
672 2313 786 2376 civilia
814 2321 843 2376 ct
864 2321 998 2376 caterua
1020 2312 1112 2374 baud
1132 2313 1182 2375 in-

38 2400 91 2484 fe
112 2398 214 2461 iciter
240 2397 406 2476 sustinuit,
437 2396 596 2473 adultum,
618 2397 794 2460 Rioberum
817 2396 924 2458 studio
946 2417 981 2459 re
1005 2397 1033 2459 ii
1053 2397 1182 2480 qeneris

50 2494 87 2546 et
109 2481 253 2565 patriae
275 2503 383 2544 amore
395 2480 564 2567 flaqrasse
586 2489 614 2544 et
630 2481 778 2566 primum
798 2418 1134 2564 rerumpublicarum
1155 2489 1184 2544 et

52 2567 155 2630 artis
178 2563 333 2629 militarie
349 2567 499 2628 notitiam
515 2565 602 2629 domi
617 2573 820 2629 consecutum
834 2586 909 2644 esse,
932 2565 1023 2628 baud
1038 2564 1184 2648 estquod

51 2651 212 2715 mireris.
262 2648 390 2713 Ultimis
417 2648 561 2714 Odslrici
584 2650 826 2734 archiepiscopi
847 2649 986 2728 annis⁴,
1018 2648 1066 2713 uel
1097 2649 1184 2734 quod

43 2735 183 2822 potius
195 2733 324 2796 credam
336 2732 537 2798 Adalberone
554 2735 664 2796 arabia
689 2735 810 2818 iscopm
825 2735 1056 2797 monasterium
1067 2731 1184 2796 Sancti

51 2818 218 2901 Remiyii
253 2817 398 2897 intrauit,
429 2818 485 2882 ubi
517 2817 575 2881 sub
605 2757 740 2899 [tedulfi
773 2817 896 2882 abbatis
929 2816 1109 2901 disciplina
1143 2817 1182 2880 ab

52 2901 205 3004 eyreqio
226 2903 383 2986 magistro
400 2899 551 2965 Gerberlo
573 2901 690 2964 litteris
711 2904 900 2975 instructus,
923 2901 1047 2964 artibus
1068 2898 1183 2964 libero·

51 2987 155 3052 libus
194 2985 338 3049 studium
374 2985 513 3048 advertit
555 2985 762 3071 diversusque
799 2985 1031 3070 philosophiae
1065 2993 1182 3069 partes

52 3072 204 3136 edoctus
233 3077 261 3132 et
291 3069 436 3138 classicis
462 3070 686 3134 Romanorum
715 3069 938 3154 scriptoribus,
992 3067 1181 3153 bilmantii,

46 3153 187 3242 poetis,
220 3153 392 3234 bistoricis,
426 3155 670 3239 cosmoqropbis
702 3154 853 3233 imbutus,
887 3163 922 3217 ut
976 3177 991 3217 e
1023 3153 1180 3217 monacho

53 3238 208 3326 sperari
223 3246 363 3321 poterat,
395 3240 518 3302 sanctis
535 3237 691 3322 patribus
712 3241 808 3302 etiam
831 3247 861 3299 et
882 3237 1063 3300 canonibus
1085 3235 1179 3300 eccle·

52 3322 217 3390 siasticis
237 3320 383 3407 leyendis
406 3343 537 3406 operam
559 3321 647 3386 dedit
657 3332 679 3385 ³.
722 3323 807 3385 Erat
823 3330 900 3384 tunc
914 3321 1089 3384 Remorum
1104 3320 1181 3384 urbs

53 3417 100 3472 ut
124 3409 216 3470 inter
232 3405 360 3469 Galliae
383 3407 528 3468 ciuitates
544 3405 583 3469 ab
600 3408 735 3492 antiquo
751 3407 844 3469 clara
866 3413 894 3468 et
939 3407 1062 3468 rimatu
1077 3425 1179 3487 prae·

53 3489 152 3556 sulis
182 3490 336 3574 insiqnis,
370 3491 418 3553 ita
446 3487 663 3554 Adalberonis
689 3490 847 3575 reyimine
875 3427 1046 3552 nobilitata
1077 3508 1175 3571 coque

54 3597 135 3640 non
173 3575 283 3637 minus
314 3571 469 3658 enemplis
501 3595 598 3658 quam
616 3625 619 3634 .
634 3575 785 3639 doctrina
822 3574 942 3637 animis
977 3571 1180 3658 moribusque

43 3665 227 3748 jesuenum
247 3657 444 3741 formandis
476 3657 601 3722 ualida.
653 3659 814 3723 Riclrerus
845 3660 950 3743 iqitur
981 3657 1120 3721 bonitate
1153 3665 1181 3720 ct

54 3743 205 3828 inuenio
229 3743 404 3806 amicitiam
427 3739 573 3806 Gerberti
601 3741 663 3806 sibi
690 3743 901 3826 comparauit,
931 3743 1026 3822 ‘uiri'‚
1053 3749 1088 3804 ut
1110 3742 1180 3804 e'us

54 3826 178 3893 verbis
193 3834 279 3906 utar,
302 3833 366 3888 ‘ma
390 3828 427 3890 ni
448 3827 577 3926 inqenii
599 3849 637 3890 ac
654 3828 732 3890 miri
753 3827 882 3911 eloquii,
905 3848 967 3910 quo
981 3821 1093 3889 totali
1129 3823 1179 3888 lia

55 3912 139 3978 acsi
163 3908 298 3974 lucerna
315 3932 355 3974 ar
379 3919 448 3974 ente
463 3909 670 3976 vibrabunda
685 3910 834 3996 refulsit.
880 3907 946 3982 Qui
964 3932 1035 3972 cum
1052 3909 1177 3972 intimis

142 4069 174 4138 1)
192 4073 322 4138 Prologus
348 4075 435 4140 operis
461 4079 488 4125 st
511 4073 557 4126 lib.
578 4075 625 4138 1v,
645 4075 690 4125 50.
770 4069 798 4138 2)
818 4072 855 4139 11,
875 4071 992 4122 87-91.
1074 4071 1178 4136 s)111,

53 4149 169 4200 6-10,
245 4144 274 4212 4)
295 4145 545 4198 uenerandum
565 4163 662 4200 sunum
681 4146 749 4210 9663
777 4163 838 4198 num
856 4144 1036 4198 Flodosrdum
1056 4161 1108 4197 non
1127 4162 1173 4198 no·

54 4226 136 4276 visse
158 4219 280 4282 videtum
300 4221 333 4270 ci.
352 4221 499 4287 prologum.
575 4219 603 4288 ὃ)
623 4222 645 4290 1,
664 4221 690 4271 ὃ.
728 4223 906 4286 Hieronymus
926 4225 952 4268 et
971 4217 1104 4285 Sulpicius
1123 4236 1178 4270 ms*

54 4297 215 4355 morantur,
233 4293 286 4356 111,
300 4293 335 4343 46
348 4311 407 4361 sqq.
428 4301 550 4346 suctores
570 4293 697 4348 classicos
716 4311 732 4344 o
746 4295 875 4346 Gerbsrto
894 4291 1027 4343 adhibitos
1046 4300 1177 4345 recenset.

54 4368 227 4423 Sallustium
248 4364 390 4433 diligenter
407 4367 475 4434 legit
493 4368 602 4432 eiusque
622 4369 710 4420 verbis
728 4384 780 4419 nos
799 4383 858 4418 raro
877 4383 939 4418 usus
959 4371 1006 4418 su.

289 4501 406 4650 ,Μ
466 4487 539 4552 DEC
568 4475 615 4538 29
648 4477 719 4540 1931
