2938 5016
296 366 449 420 RIOHERI
468 369 722 421 HISTORIARUM
740 370 852 423 LIBER
872 373 908 424 11.
1133 375 1165 428 il

69 539 203 602 interesse
218 536 377 622 exigebat,
399 535 581 621 diriguntur
595 535 692 622 legati
703 550 724 620 ¹,
747 560 806 624 per
821 561 902 626 quos
921 541 972 605 ei¹
993 544 1226 608 necessitasne

69 621 286 685 demonstratur
317 641 355 683 ae
388 618 583 706 colloquium
616 632 752 686 exeunte
785 645 894 688 mense
922 625 1072 712 Augusto
1105 625 1166 692 sibi

68 705 233 769 habendum
255 725 348 770 secus
369 703 503 768 fluvium
523 703 644 768 Kanum
666 704 879 775 denuntiatur.

140 791 198 854 *64.
233 789 316 855 Oum
331 788 410 852 haec
433 790 479 852 sic
501 810 570 852 sese
592 786 755 871 haberent,
779 789 846 855 dux
867 814 907 856 ne
933 803 1016 857 otem
1040 794 1081 859 ab
1096 813 1214 879 pre-⁸1³.
1230 816 1281 859 eoa

67 872 160 938 euiatu
178 871 305 958 pulsum
327 870 464 937 dolebat.
495 869 659 937 Suadebat
679 873 797 960 itaque,
820 885 856 939 ut
870 877 976 940 officio
991 878 1166 961 pontificali

66 955 188 1042 amplius
209 958 381 1038 insisteret3
403 965 435 1020 et
455 977 495 1020 ne
517 956 660 1041 privatus
681 959 808 1043 penitus
825 959 979 1042 dignitate
993 961 1164 1046 videretur,

66 1040 175 1128 aliquas
202 1041 244 1106 ad
269 1040 389 1126 gradus
417 1049 620 1138 promoveret
651 1063 814 1126 personas.
868 1042 1057 1108 Tetbaldum
1088 1067 1165 1130 ergo

67 1125 263 1190 suessonicae
295 1123 466 1190 aecclesiae
499 1123 670 1188 diaconum
702 1127 858 1191 accersitb
890 1127 1165 1228 presbiterumque

66 1208 235 1274 ordinatae
262 1220 336 1295 post
362 1208 443 1272 duce
471 1218 585 1293 agente
611 1207 785 1275 aecclesiae
807 1211 1072 1278 Ambranensium
1099 1213 1164 1298 epi·

65 1314 182 1379 scopum
212 1303 327 1357 sacrat.
377 1293 416 1356 In
443 1313 507 1378 qua
533 1314 567 1355 re
595 1291 701 1356 favere
728 1295 815 1358 visus
844 1305 892 1359 est
913 1297 1011 1361 Wido
1041 1305 1165 1360 tantum

66 1375 243 1442 Suessorum
265 1377 446 1462 episcopus.
491 1375 617 1456 'Quem
631 1377 716 1523 ¹puis
739 1387 812 1462 post
832 1381 977 1463 penituit,
1000 1380 1234 1465 sequentia'fok
1248 1393 1296 1435 ἰδ’·

65 1459 323 1528 demonstrabunt.
357 1459 422 1526 Sed
443 1468 569 1545 tempus
592 1481 629 1524 co
655 1462 794 1546 oquendi
815 1461 944 1546 regibus
967 1463 1106 1546 advenit,
1126 1484 1164 1528 ae

65 1565 144 1608 secus
164 1544 296 1609 fluvium
317 1543 439 1608 Karam
470 1543 530 1609 sibi
558 1554 738 1609 occurrunt.
787 1546 854 1610 Nec
881 1546 982 1610 defuit
1003 1547 1081 1630 dux,
1110 1548 1166 1634 qui

65 1629 165 1715 etipse
180 1630 266 1715 apud
282 1628 545 1693 Duodeciacum¹
567 1628 674 1692 vicum
697 1639 801 1694 castra
822 1629 902 1713 fixit,
925 1641 960 1696 ut
974 1653 1032 1716 pro
1047 1640 1165 1717 nepote

65 1733 180 1798 causam
201 1713 288 1800 apud
309 1713 479 1800 episcopos
500 1721 619 1798 ageret.

114 1835 161 1898 66.
192 1834 292 1898 Dux⁰
314 1833 453 1916 enititur,
476 1841 531 1895 ut⁰
554 1845 669 1897 causac
691 1854 749 1918 pro
771 1856 828 1898 suo
851 1844 986 1921 nepotec
1008 1836 1096 1921 apud

428 1916 618 2002 episcopos⁰
643 1919 786 2000 agaturd.

136 2009 278 2096 Regibus
306 2010 414 2095 itaque
443 2031 550 2074 rerum
579 2011 707 2095 negotia
737 2011 914 2096 agentibus,
945 2009 1012 2074 dux
1035 2029 1167 2076 causam

65 2095 176 2243 nepotis
204 2093 365 2180 episcopis
395 2092 614 2179 disponebat³,
643 2116 741 2178 penes
769 2115 849 2240 puos
878 2095 974 2159 etiam
995 2093 1166 2179 plurimam

66 2176 99 2240 ha
120 2179 207 2244 ebate
229 2178 491 2262 indignationem,
521 2177 637 2241 iniuste
659 2188 691 2242 et
716 2176 770 2240 nul
783 2200 810 2241 rs
840 2176 1041 2243 evidentibus
1064 2176 1166 2261 culpis

65 2263 218 2347 nepotem¹
249 2261 476 2348 precipitatum
512 2283 702 2326 memorans.
757 2261 854 2341 Quod
886 2283 959 2324 cum
991 2259 1168 2324 indicatum

65 2347 182 2431 regibus
204 2355 297 2427 esset,
321 2345 438 2412 Ottone
460 2355 574 2430 agente
597 2345 758 2410 decretum
779 2355 836 2426 est,
859 2354 895 2409 ut
915 2344 961 2408 ibi
983 2344 1024 2408 ab
1047 2344 1167 2428 episco-

66 2430 107 2513 pis
131 2451 225 2494 causa
246 2427 372 2494 Artoldi
399 2439 495 2515 atque
516 2428 665 2512 Hugouis
687 2428 908 2510 discuteretur,
938 2429 983 2493 ita
1003 2437 1111 2492 tamen
1132 2437 1168 2492 ut

65 2523 92 2577 et
110 2513 173 2578 dux
192 2525 335 2600 tempore
358 2535 499 2599 congruo
520 2515 590 2597 regi
612 2514 817 2579 satisfaceret.
865 2512 1037 2598 Episcopis
1059 2513 1167 2598 itaque

65 2599 207 2663 rationem
229 2600 302 2663 exci
327 2597 496 2678 ientibust,
527 2619 601 2660 cum
622 2599 705 2662 inter
732 2597 871 2682 plurima
915 2620 977 2661 uae
998 2597 1043 2662 ibi
1065 2595 1166 2682 expli-

66 2691 127 2746 cata
147 2691 219 2748 sunt
239 2621 324 2748 iilud
339 2681 594 2746 constantissime
618 2682 800 2764 refutarent,
831 2618 918 2767 quod
939 2681 1036 2767 Hugo
1065 2701 1167 2746 sacer-

66 2764 141 2830 dotio
157 2768 300 2852 privatus
320 2775 429 2832 contra
443 2765 492 2830 fas
503 2765 769 2830 Ambianensium
782 2767 969 2854 episcopum
981 2765 1169 2847 ordinasset,

66 2871 166 2934 regum
188 2851 344 2915 sententia
365 2852 398 2913 in
419 2849 514 2914 aliam
537 2849 686 2914 sinodum
704 2848 886 2916 huiusmodi
900 2851 1055 2914 rationem
1070 2861 1169 2914 trans-

65 2931 215 2998 ferendam
237 2935 409 3000 constituit.
453 2933 631 2999 Videbatur
653 2935 779 3017 etenim,
827 2934 891 2998 uod
913 2956 977 2998 non
999 2934 1041 2998 ad
1062 2933 1169 3018 aequi-

65 3025 152 3082 tatem
187 3021 264 3084 satis
301 3019 466 3083 commode
502 3017 582 3085 haec
616 3017 778 3082 altercatio
805 2955 1012 3083 determinari
1040 3015 1169 3098 valeret,

67 3121 130 3164 cum
155 3125 215 3167 nec
244 3102 374 3167 sinodus
400 3102 440 3166 ad
470 3101 530 3167 hoc
559 3112 734 3168 convocata
760 3101 899 3167 fuissett.
954 3101 998 3166 Et
1024 3101 1171 3165 decreto⁴

66 3205 95 3248 re
117 3187 143 3250 ὀ
169 3189 215 3252 15.
238 3185 312 3251 Kal.
334 3186 489 3251 Decemb.
511 3185 658 3252 habenda
684 3187 897 3252 denuntiatur.
939 3185 1071 3248 Interim
1093 3204 1170 3247 vero

66 3207 145 3334 sedis
166 3272 334 3335 Remensis
355 3268 488 3335 Artoldo
517 3270 710 3353 conceditur,
738 3270 871 3355 Hugoni
898 3290 974 3333 vero
1003 3269 1037 3330 in
1064 3275 1169 3332 castro

66 3350 250 3421 Mosomensi
279 3356 470 3419 commorari
498 3356 699 3439 permittitur.
749 3355 820 3418 Pax
849 3373 974 3438 quoque
1006 3359 1171 3436 sequestra

66 3433 195 3503 Otionisi
218 3439 400 3504 interventu
420 3439 489 3524 regi
509 3459 548 3502 ac
571 3439 644 3504 duci
666 3437 707 3502 ab
728 3436 877 3504 atterutro
904 3435 998 3500 datur
1019 3444 1170 3519 eiusque

65 3520 102 3584 ad
120 3531 244 3610 tempus
266 3522 432 3589 habendae
455 3522 559 3586 sinodi
581 3531 779 3588 sacramento
801 3521 954 3586 firmatim.

328 3643 380 3708 66.
413 3641 573 3708 ὃὶηοᾶιιειι
596 3643 756 3708 Virduni¹¹
778 3641 897 3706 habita.

133 3716 282 3814 ¹Tempus
308 3727 446 3807 advenit,
474 3726 604 3792 sinodus
627 3748 668 3790 ue
695 3726 805 3811 episco
831 3747 922 3790 orum
947 3724 1085 3789 Virduni
1107 3721 1169 3788 col-

66 3805 140 3874 lecta
169 3824 218 3878 est
249 3821 345 3898 atque
373 3810 492 3894 habita,
522 3749 716 3897 presidentel
746 3747 899 3876 Rotiierto
926 3807 1170 3896 metropolitano

119 3937 141 3988 a)
156 3939 234 3980 Oitoui
251 3940 272 3982 1.
332 3935 355 3988 b)
372 3938 510 3979 accersitam
524 3937 678 3988 presbiterum
695 3947 716 3977 ο.
735 3939 755 3977 1.
809 3935 829 3988 c)
846 3937 891 3988 Du,
908 3940 941 3988 ut,
958 3948 977 3988 e,
994 3946 1048 3986 nep,
1064 3935 1172 3984 episcopo

66 3994 116 4035 eise,
187 3997 211 4050 d)
231 3997 265 4050 (in
280 3995 372 4048 minoda
387 3997 438 4038 odd.
456 3997 476 4038 i.
550 3995 573 4048 e)
597 3995 705 4036 movebat
720 3996 839 4045 quereiam
855 3996 885 4035 ab
901 3995 956 4036 sede
971 3993 1100 4044 pontificali
1115 3993 1132 4034 i.
1150 3994 1170 4033 1.

67 4051 142 4102 sipost
156 4057 203 4097 aad.
273 4053 296 4107 ς)
313 4055 490 4096 discutientibus
506 4056 527 4097 1.
594 4055 618 4106 ir)
635 4065 648 4094 a
663 4065 720 4096 corr.
786 4053 803 4105 i)
828 4053 912 4094 Otiose
928 4054 1097 4093 intercurrente
1113 4051 1174 4090 inter

68 4121 139 4219 ‘5801ss
153 4125 178 4156 ae
194 4115 275 4156 ducem
291 4119 434 4156 sacramanto
450 4114 554 4155 firmatur
571 4115 591 4155 1.
636 4111 661 4166 k)
678 4113 733 4164 uod,
748 4113 773 4154 ni
789 4114 804 4153 h
819 4113 875 4153 otae.
904 4109 1005 4164 (Al)tera
1020 4115 1070 4150 ante
1080 4108 1174 4152 unua.

68 4169 185 4222 ipreside
202 4177 221 4215 1.

138 4267 163 4332 1)
181 4272 224 4324 itu
242 4271 380 4324 Rioherus.
456 4269 485 4336 2)
504 4272 608 4336 Douey.
668 4267 699 4336 ὃ)
718 4271 796 4321 Haec
815 4267 953 4328 Richems,
973 4267 1019 4332 qui
1038 4261 1177 4333 complura

67 4338 168 4396 adiecit.
240 4342 271 4410 4)
290 4345 391 4398 decreto
410 4343 480 4414 repis
502 4346 641 4397 Richerus.
