2938 5016
311 351 326 400 2
573 345 727 397 RIOHERI
746 343 999 396 HISTORIARUM
1018 343 1129 394 LIBER
1147 343 1170 395 Ι.

203 523 314 568 '¹⁰¹³'ss
691 513 718 576 1.
763 510 930 576 'Divisio‘
952 509 1048 576 orbis.

398 615 495 683 Orbis
525 615 633 700 itaque
661 611 767 700 plaga,
801 635 884 760 qsuae
913 611 1102 678 mortalibus
1131 633 1201 677 sese
1223 611 1407 678 commodam

312 700 434 789 prebet,
457 721 477 764 a
498 697 758 784 cosmographis¹
774 698 814 762 tri
827 698 929 760 ariam
943 697 1044 762 dividi
1059 696 1252 783 perhibetur,
1272 697 1305 759 in
1315 694 1409 759 Asiam
1451 739 1453 770 ,

312 783 469 866 videlicet,
484 782 628 846 Africam
643 790 675 846 et
688 781 862 867 Europam.
906 781 1051 862 Quarum
1066 782 1163 868 prior,
1179 803 1199 845 a
1214 779 1409 866 septentrione

336 893 371 934 er
392 868 520 933 orientis
542 867 701 952 regionem
728 887 766 930 us
789 887 829 930 ue
857 867 891 928 in
918 875 1063 930 austrum
1084 865 1283 930 extrinsecus
1308 883 1409 928 oceano

312 893 539 1034 disterminata,
572 951 704 1014 interius
735 971 754 1014 a
811 947 913 1048 ipheis
942 949 1104 1014 montibus
1131 947 1297 1035 usquead
1323 957 1410 1012 terrae

313 1035 514 1117 umbilicum,
541 1034 680 1117 Thenai,
711 1032 873 1098 Meothrde
905 1031 1201 1119 Mediterraneoque
1229 1031 1270 1097 ab
1297 1031 1411 1115 Europa

313 1121 410 1187 distin
433 1120 527 1186 uitur.
573 1117 624 1184 Ab
639 1115 791 1183 umbilico
805 1137 881 1181 vero
897 1138 998 1203 usque
1019 1117 1054 1180 in
1074 1126 1218 1181 austrum
1237 1114 1310 1180 Nilo
1329 1113 1410 1177 fluvio

313 1203 406 1272 abA
438 1204 487 1267 'ca
508 1211 556 1268 est
577 1201 709 1266 seclusa.
752 1199 896 1264 Africam
922 1223 999 1266 vero
1025 1211 1057 1265 et
1083 1201 1258 1288 Europam,
1289 1198 1410 1264 exterius

314 1287 444 1377 quidem
458 1285 499 1350 ab
515 1295 622 1350 austro
637 1288 671 1349 in
686 1285 933 1371 septentrionem
948 1305 1068 1350 oceano
1083 1284 1306 1364 circumdatas,
1326 1279 1411 1346 Medi·

313 1372 496 1440 terraneusb
526 1370 709 1435 interiectus
739 1369 947 1434 discriminat.
999 1367 1051 1432 Ab
1074 1368 1154 1432 Asia
1182 1390 1260 1432 vero
1296 1366 1410 1432 interius

314 1479 422 1524 earum
444 1453 576 1519 alteram
597 1451 688 1517 Nilus
696 1465 717 1536 ⁰,
740 1451 872 1517 alteram
894 1475 970 1517 vero
992 1451 1262 1518 Mediterraneum
1278 1449 1411 1516 Thanais-

315 1563 376 1628 que
397 1561 436 1604 ac
457 1537 582 1618 Meotis,
610 1547 646 1601 ut
667 1535 789 1602 dictum
811 1547 868 1618 est,
898 1538 1077 1622 seiungunt.
1121 1537 1265 1617 Quarum
1288 1530 1413 1619 singulae

203 1671 205 1676 -
315 1647 389 1690 curn
410 1624 557 1708 proprias
577 1619 716 1686 habeant
737 1620 984 1703 distributiones,
1007 1621 1158 1706 Europae
1179 1629 1287 1684 tamen
1329 1627 1413 1682 artem

314 1729 422 1789 unam,
445 1727 526 1805 quae
549 1702 654 1768 Galba
675 1727 694 1769 a
716 1704 877 1769 candorc²
899 1715 1041 1788 vocatur,
1070 1726 1107 1770 eo
1130 1705 1217 1791 quod
1238 1643 1412 1768 candidioris

315 1791 435 1878 speciei
456 1790 517 1853 rnsi
564 1809 588 1886 a·
603 1789 670 1853 eius
693 1789 818 1853 oriundi
839 1788 1009 1874 preferant,
1038 1791 1073 1854 in
1093 1811 1167 1854 suas
1189 1787 1336 1853 diducere
1356 1806 1413 1870 par-

316 1884 363 1941 tes
385 1883 490 1939 ratum
533 1895 599 1936 uxr.

199 2014 239 2069 η),
255 2017 306 2059 ssa
498 1993 545 2057 *R
588 1992 685 2056 Istius
708 1991 831 2058 Galbae
852 2016 911 2080 per
932 2004 1040 2080 partes
1063 1993 1252 2060 distributio.

400 2092 526 2160 Gallia³
547 2115 624 2180 ergo
646 2095 699 2159 ettl
720 2095 812 2181 ipsad
833 2096 866 2159 in
886 2096 947 2160 tria
961 2096 1110 2162 distincta
1131 2106 1188 2180 est,
1209 2097 1243 2160 in
1258 2093 1413 2181 Belgicam,

317 2177 480 2261 Geltioam,
502 2178 737 2266 Aquitanicam.
781 2179 925 2261 Quarum
947 2181 1035 2266 prior
1049 2179 1182 2266 Belgica
1199 2180 1351 2262 aRheno,
1372 2175 1414 2262 qui
1451 2217 1452 2222 κ

316 2263 523 2328 Germaniam
548 2263 589 2329 ab
617 2285 736 2328 oceano
764 2263 962 2345 determinat,
992 2287 1073 2351 quae
1095 2264 1266 2330 multarum
1289 2263 1413 2350 gentian

314 2347 446 2412 feraxa
489 2348 674 2415 erminando
696 2369 814 2412 nomen
843 2349 996 2435 accepit⁴,
1030 2349 1247 2436 exporrigitur
1274 2345 1413 2433 usquein
1452 2417 1453 2428 ,

314 2430 448 2497 fluvium
505 2441 658 2496 atronam.
701 2431 776 2497 Ab*
798 2441 933 2519 utroque
959 2455 1035 2497 vero
1062 2431 1168 2516 latere,
1198 2433 1274 2496 hinc
1301 2430 1411 2519 quidem
1447 2436 1453 2512 t

315 2513 454 2600 Alpibus
475 2515 637 2596 Penninis,
662 2515 737 2578 inde
757 2537 833 2580 vero
860 2517 942 2580 mari
968 2515 1113 2598 vallatur,
1140 2517 1231 2582 cuius
1261 2513 1412 2581 circumf-

316 2600 404 2664 sione
422 2597 526 2662 insula
546 2597 746 2662 Brittannica
766 2598 910 2664 efficitur
956 2599 1077 2666 Celtica
1091 2603 1235 2666 autem**
1250 2621 1270 2663 a
1283 2601 1412 2664 Matrona

339 2705 374 2746 er
394 2681 525 2767 longum
546 2683 580 2745 in
602 2681 789 2746 Garunnam
811 2682 1016 2767 distenditur,
1040 2686 1183 2750 cuiusffl
1204 2683 1304 2749 latera
1319 2679 1412 2748 oceani

316 2704 507 2831 Brittannici
524 2770 561 2830 'et
581 2763 703 2830 insulae
717 2765 936 2832 Brittannicus
957 2767 1073 2834 limites
1095 2769 1224 2834 habent
1267 2760 1412 2852 Quicquid

316 2871 392 2915 vero
412 2848 600 2914 aGarunna
621 2849 829 2916 distenditur†
850 2851 884 2914 in
905 2852 1085 2936 Pireneum,
1108 2851 1302 2939 Aquitanica
1323 2845 1412 2936 appel·

316 2932 408 3015 latur,
447 2932 556 2997 hinet
591 2933 747 2998 Rhodano
776 2934 935 3022 Ararique
968 2947 1001 3001 at
1023 2958 1064 3001 ue
1096 2937 1170 3003 inde
1198 2935 1412 3002 Mediterranea

318 3016 526 3082 conlimitans.
571 3015 704 3081 Gonstat
716 3018 833 3103 itaque,
849 3021 945 3084 totius
961 2959 1085 3085 Gdlliae
1100 3023 1238 3108 spatium
1253 3021 1295 3086 ab
1311 3019 1413 3084 oriente

316 3101 447 3250 guidem
462 3101 582 3183 Rheno,
597 3099 638 3164 ab
654 3100 853 3167 occidenteP
894 3126 972 3168 eneo
983 3109 1032 3187 Mi,
1048 3114 1080 3170 et
1093 3127 1113 3168 a
1128 3106 1341 3204 septentrione
1350 3097 1412 3166 mari

347 3185 524 3267 rittannieO,
546 3185 586 3250 ab
608 3193 714 3250 austro
736 3207 814 3250 vero
871 3187 1068 3254 editerraneo
1090 3190 1186 3274 cingi.

390 3307 413 3377 ⁹)
431 3312 472 3364 Ab
490 3339 523 3349 -
544 3312 658 3364 efficitur
675 3312 705 3364 ia
723 3330 808 3381 marp.

432 3392 521 3438 antem
540 3386 604 3438 bine
619 3387 749 3452 Matrona,
769 3387 832 3438 inde
853 3387 979 3440 Garunna
999 3389 1115 3440 abluitur
1136 3391 1159 3442 1.

430 3461 506 3510 euius
525 3486 560 3496 -
580 3460 682 3510 habent
699 3457 729 3510 in
747 3477 832 3528 morq.

389 3528 414 3598 *l
435 3531 462 3583 d.
480 3533 509 3580 in
527 3533 667 3654 Hibprum,
687 3533 733 3598 qui
751 3533 881 3585 Hiberiae
906 3537 1010 3600 regioni
1035 3552 1132 3587 nomen
1159 3535 1265 3599 indidit,
1295 3548 1375 3602 usque
1394 3531 1414 3578 in

436 3619 564 3655 oceanum
604 3641 611 3656 .

377 3672 415 3742 ††)
434 3675 497 3726 hinc
517 3679 671 3743 provinciae
690 3677 868 3744 Lugdunensi
887 3697 954 3732 corr.
974 3681 1106 3734 Rhodano
1119 3681 1249 3748 Ararique
1270 3687 1350 3748 atque
1367 3675 1413 3728 inde

436 3748 509 3800 Med.
531 3765 554 3802 c.
573 3749 602 3801 ia
620 3767 705 3817 marg.
727 3753 751 3802 1.
829 3750 881 3818 itt)
900 3754 1009 3820 Hybero
1032 3757 1056 3807 1.

376 3837 399 3890 a)
416 3839 474 3880 Haec
488 3841 582 3890 capitam
597 3846 724 3891 ercamserta
739 3843 763 3882 in
778 3845 825 3885 eod.
840 3855 922 3894 semper
937 3846 961 3886 ta
976 3847 1073 3897 mareiae
1092 3847 1174 3896 scripta
1188 3850 1240 3886 auat
1255 3846 1371 3896 majorum
1381 3841 1413 3891 rit·

316 3909 409 3948 nmque
428 3899 512 3940 litteris.
579 3899 602 3952 b)
618 3901 702 3940 litterae
722 3912 763 3942 eur
783 3904 819 3942 uta
841 3904 881 3954 leot
899 3910 1004 3955 possunt,
1028 3906 1222 3946 Mediterraneum
1245 3903 1385 3955 interjectum
1397 3897 1413 3936 P·

318 3956 339 4009 a)
354 3958 420 3998 Nilos
436 3969 493 3999 corr.
509 3959 583 4002 Nilus.
643 3957 666 4010 d)
680 3965 731 4009 post
746 3961 796 4003 odd.

392 4032 420 4101 1)
440 4035 481 4087 Cf.
493 4037 581 4088 Orosii
594 4035 612 4088 l.
623 4037 645 4097 1,
660 4052 682 4086 c.
695 4038 719 4088 2.
787 4037 813 4107 2)
833 4042 875 4090 Ex
888 4041 983 4093 Isidor.
994 4043 1082 4108 Etym.
1101 4041 1174 4104 XIV,
1188 4041 1214 4104 4,
1229 4040 1271 4092 25.
1349 4041 1372 4104 3)
1384 4034 1413 4087 Gi·

318 4108 491 4172 Gaesar1,1,
511 4124 589 4176 quem
609 4109 654 4160 hic
673 4112 792 4176 sequitur
811 4113 950 4178 Richerus,
970 4131 1057 4181 neque
1076 4121 1166 4167 tamen
1184 4120 1279 4181 postea
1299 4115 1349 4167 sibi
1367 4124 1413 4161 cou-

317 4187 377 4246 stat,
396 4183 570 4248 Aquitaniam
588 4183 623 4232 ad
643 4182 761 4248 Ligerim
781 4202 866 4252 usque
886 4187 1041 4240 extendens.
1061 4188 1182 4256 -Cap
1203 4189 1227 4238 2.
1244 4187 1271 4237 3.
1292 4185 1412 4240 Ekkehar·

318 4253 366 4306 dus
384 4256 413 4305 in
431 4255 541 4306 historia
559 4256 666 4323 Pippini
686 4262 712 4306 et
727 4257 920 4311 Karolomanui
939 4263 1067 4314 maiorum
1089 4261 1182 4314 domus
1201 4262 1305 4326 regiae,
1325 4254 1414 4314 SS.Vb

316 4344 343 4395 p.
359 4326 419 4396 158,
441 4329 589 4395 exscripsit.
664 4325 694 4394 4)
713 4329 808 4382 isidor.
828 4332 847 4382 1.
866 4333 884 4385 l.

377 3383 413 3452 ”i

360 3454 410 3526 '“l
