2936 5010
260 394 413 446 RICHERI
433 394 685 446 HISTORIARUM
703 395 815 446 LIBER
834 395 903 446 1111.
933 343 938 368 l
1088 397 1139 446 177

112 563 210 647 (106).
255 563 360 643 Quam
380 561 563 662 perlectam
596 559 701 647 legato
729 582 859 710 pppae
862 583 940 626 mox
971 561 1198 662 legendameos.

40 649 177 730 porrexit.
156 647 314 711 tTunc
336 645 480 732 episcopi
501 667 610 710 omnes
633 667 706 710 cum
762 645 905 710 odefrido
927 648 1057 730 comite,
1085 666 1199 734 qm
1131 639 1199 690 ¹¹¹⁰
1215 639 1236 679 ²·

144 823 177 872 iis
197 822 243 886 qui
262 821 376 871 oderunt
395 837 436 871 me
461 821 581 871 amicitia
605 822 739 886 iungeris,
765 825 792 872 et
815 820 950 872 idcirco
942 835 1009 871 rram
1032 822 1140 886 quidem

143 895 254 946 Domini
266 892 437 946 merebaris'’.
469 893 575 944 Deinde
589 895 769 946 sanctionibus
793 894 983 946 ecclesiasticis
999 894 1140 962 perlonga

143 974 291 1033 temporum
306 968 394 1034 spatia
406 969 523 1034 peractis
535 967 650 1033 legeque
663 967 859 1034 perhemptoria
875 973 1064 1030 consummata,
1080 983 1140 1019 cum

144 1041 212 1091 nihil
231 1040 305 1092 aliud
324 1046 445 1101 restaret,
468 1042 520 1091 nisi
538 1046 568 1091 ut
588 1040 729 1092 iudiciaria
748 1042 875 1108 principis
894 1046 1026 1108 potestate
1047 1042 1138 1092 coher-

146 1120 250 1165 ceretur
270 1121 297 1165 et
316 1119 452 1180 tamquam
472 1113 615 1165 seditiosus
635 1129 667 1164 ac
686 1113 796 1164 rebellis
815 1130 831 1164 a
849 1113 991 1180 principali
1011 1113 1139 1164 cathedra

143 1193 336 1250 removeretur,
362 1187 424 1253 lege
448 1187 569 1238 Africani
589 1187 711 1250 concilii,
737 1189 831 1238 iterum
851 1203 867 1237 a
884 1187 1008 1239 fratribus
1027 1187 1093 1238 meis
1113 1193 1140 1238 et

142 1263 218 1326 regni
237 1261 394 1328 primatibus
414 1265 560 1311 conventus
578 1266 604 1310 et
623 1263 797 1312 commonitus
816 1278 882 1329 sum,
902 1267 938 1323 ut,
953 1261 1061 1312 excluso
1075 1276 1138 1326 apo·

143 1340 221 1398 stata,
242 1350 332 1384 curam
352 1334 458 1385 discissi
478 1340 504 1384 et
523 1333 645 1384 dilaniati
664 1336 826 1402 susciperem
845 1334 945 1401 populi.
984 1333 1061 1397 Quod
1080 1335 1138 1399 qui·

145 1407 203 1458 dem
225 1413 253 1458 et
272 1407 318 1458 diu
337 1406 428 1458 distuli
448 1412 475 1456 et
492 1412 587 1474 postea
602 1423 654 1458 non
677 1409 741 1458 satis
755 1413 848 1473 sponte
862 1408 993 1472 acquievi,
1014 1409 1138 1473 quoniam

143 1496 211 1548 quae
231 1486 421 1532 tormentorum
439 1495 539 1544 genera
558 1496 600 1530 me
621 1482 816 1544 comitarentur,
836 1481 994 1532 omnimodis
1009 1479 1138 1531 intellexi.

142 1555 219 1604 Haec
240 1560 280 1604 est
298 1555 399 1604 viarum
419 1569 537 1604 mearum
556 1553 728 1620 simplicitas,
754 1554 823 1604 baec
842 1555 1010 1604 innocentiae
1029 1555 1138 1621 puritas,
1160 1605 1168 1613 ,

143 1633 170 1676 et
189 1643 276 1677 coram
297 1627 413 1678 Domino
433 1633 460 1677 et
477 1627 554 1679 vobis
574 1627 758 1678 sacerdotibus
776 1628 805 1676 iu
829 1627 870 1678 his
894 1627 1015 1680 omnibus
1039 1626 1139 1678 munda

142 1699 323 1752 eonscientia'.

454 1788 543 1857 (103.)
579 1792 707 1842 Particio.

143 1881 206 1932 ‘Sed
224 1897 298 1941 ecce,
319 1896 351 1930 ex
364 1880 476 1932 adverso
497 1883 613 1932 occurrit
632 1883 837 1950 calumpniator;
857 1899 954 1933 vocum
968 1884 1139 1947 novitatibus,

141 1960 172 2004 ut
189 1956 274 2005 maior
293 1953 340 2004 fiat
361 1954 480 2017 invidia,
507 1955 657 2006 delectatus
681 1953 847 2022 obloquitur:
877 1957 1038 2008 “Dominum
1064 1963 1138 2008 tuum

140 2027 289 2088 tradidisti,
319 2030 420 2078 carceri
448 2030 620 2095 mancipasti,
649 2031 793 2095 sponsam¹
814 2031 871 2081 eius
890 2032 1016 2097 rapuisti,
1046 2030 1139 2081 sedem

142 2102 285 2167 pervasisti
294 2100 316 2151 l''

206 2189 295 2260 (104.)
335 2191 506 2242 Confirmatio
527 2198 554 2242 et
572 2191 742 2258 reprehensio
763 2193 912 2243 alternatim
932 2193 1060 2258 digestae.

144 2283 229 2334 ‘Itane
249 2299 300 2348 ego
321 2283 469 2349 dominum,
496 2285 570 2334 cuius
589 2298 732 2348 numquam
751 2299 841 2334 servus
860 2283 969 2346 fuerim,
995 2285 1038 2334 cui
1058 2285 1138 2334 etiam

143 2356 243 2408 nullum
269 2357 431 2407 sacramenti
457 2372 540 2420 genus
566 2371 692 2421 umquam
716 2357 895 2422 prestiterim?
927 2359 986 2408 Etsi
1011 2359 1080 2407 enim
1102 2357 1137 2406 ad

142 2436 247 2498 tempus
259 2429 403 2480 famulatus
416 2446 483 2490 sum,
497 2431 562 2480 fecit
574 2431 626 2482 boc
637 2431 776 2495 imperium
790 2431 874 2495 patris
887 2431 940 2480 mei
953 2429 1137 2492 Adalberonis,

144 2505 190 2569 qui
216 2518 258 2553 me
283 2503 312 2552 in
331 2503 456 2552 Remensi
481 2503 598 2554 ecclesia
621 2503 777 2554 commorari
802 2504 937 2570 precepit,
964 2503 1137 2569 quoadusque

143 2575 278 2644 pontificis
296 2577 325 2625 in
345 2591 377 2625 ea
395 2578 493 2626 sacrati
512 2593 598 2627 mores
618 2582 745 2641 actusque
765 2575 941 2626 dinoscerem.
980 2576 1057 2638 Quod
1074 2578 1137 2627 dum

144 2652 257 2717 operior,
282 2649 397 2699 hostium
422 2649 505 2715 preda
530 2650 617 2700 iactus
636 2665 702 2714 sum,
723 2654 749 2699 et
768 2665 836 2715 quae
856 2655 945 2700 vestra
958 2648 1138 2700 munificentia

144 2738 354 2788 magnorumque
384 2722 480 2772 ducum
511 2725 620 2789 largitae
659 2722 732 2772 clara
760 2728 786 2773 et
821 2725 950 2790 precipua
982 2723 1137 2787 contulerat,

143 2797 263 2847 violenta
281 2794 428 2862 predonum
453 2811 546 2846 manus
572 2796 681 2847 abstulit
708 2811 803 2862 meque
826 2813 895 2862 pene
920 2797 1019 2847 nudum
1039 2797 1137 2862 gladiis

145 2871 199 2921 suis
219 2876 340 2936 ereptum
361 2868 454 2920 doluit.
497 2871 621 2935 Denique
640 2876 780 2936 postquam
798 2869 874 2920 illum
893 2876 1039 2936 apostatam
1061 2870 1136 2920 dere·

144 2943 227 3008 liqui,
251 2943 309 2993 vias
335 2947 362 2992 et
379 2943 476 2992 itinera
498 2943 554 2994 eius
573 2959 626 2994 nou
645 2943 784 2994 observavi
802 2959 853 2993 nec
873 2943 992 3009 quolibet
1010 2945 1089 2994 modo
1112 2945 1138 2994 ei

146 3016 348 3067 communicavi.
380 3014 519 3078 Quomodo
533 3032 596 3081 ergo
610 3032 669 3066 eum
683 3015 789 3081 tradidi,
807 3018 861 3081 qni,
877 3017 923 3066 ubi
935 3022 998 3066 tunc
1010 3018 1138 3082 temporis

142 3091 235 3152 luerit,
262 3089 383 3140 nescivi?
416 3089 470 3140 Sed
489 3105 577 3155 neque
598 3105 656 3140 eum
677 3089 779 3139 carceri
804 3091 970 3155 mancipavi,
997 3091 1042 3155 qui
1067 3105 1138 3140 nunc
1200 3111 1203 3118 ⁴

145 3179 228 3230 nuper
253 3163 302 3212 sub
327 3164 462 3228 presentia
484 3161 603 3212 fidelium
627 3165 734 3213 testium
759 3163 890 3212 seniorem
910 3177 997 3212 meum
1017 3164 1138 3226 conveni,

145 3242 174 3287 nt
200 3241 310 3302 propter
334 3251 375 3284 me
400 3251 452 3285 nec
477 3235 513 3286 ad
538 3240 720 3286 momentuma
740 3233 796 3284 ulla
821 3234 983 3284 detineretur
1008 3235 1137 3285 custodia.

147 3309 175 3360 Si
195 3311 266 3360 enim
291 3309 435 3359 auctoritas
460 3313 551 3359 vestra
575 3324 622 3375 pro
647 3324 689 3358 me
714 3312 812 3368 staret,
837 3309 865 3356 in
890 3312 993 3358 tantum
1011 3307 1137 3358 Amulius

145 3382 296 3444 vilesceret,
315 3387 345 3432 nt
363 3381 427 3432 mihi
447 3383 583 3432 minimum
603 3381 705 3432 valeret
723 3381 826 3432 obesse.
866 3380 984 3442 Quodsi
1005 3382 1137 3431 cornaria

144 3456 224 3519 mihi,
251 3457 322 3521 quod
341 3455 426 3514 absit,
445 3457 578 3506 sententia
596 3461 685 3505 vestra
705 3455 877 3514 decerneret,
896 3453 960 3519 quid
979 3469 1039 3503 mea
1056 3455 1137 3504 inter·

147 3535 225 3597 esset,
239 3536 326 3579 utrum
339 3527 463 3579 Amulius
477 3543 510 3579 au
525 3528 593 3578 alius
602 3528 745 3578 Remorum
760 3529 963 3578 constitueretur
978 3527 1139 3594 episcopus?

145 3603 203 3652 Iam
223 3603 257 3652 de
276 3617 375 3668 sponsa
393 3607 470 3667 rapta
489 3603 606 3667 sedeque
625 3617 739 3667 pervasa
758 3599 830 3666 quod
849 3599 952 3663 dicitm,
965 3599 1139 3653 ridiculosum

148 3681 196 3726 est.
233 3675 304 3724 Dico
325 3675 394 3724 enim
413 3676 534 3740 primum,
553 3691 696 3740 numquam
715 3674 786 3726 illiue
804 3675 885 3725 fuisse
904 3689 1036 3741 sponsam,
1059 3691 1139 3740 quam

146 3765 192 3815 pro
210 3747 334 3812 legitima
352 3747 494 3798 donatione
517 3748 661 3814 spiritualis
688 3747 758 3799 dotis
784 3747 888 3798 collatis
914 3754 975 3798 aute
1000 3747 1138 3799 beneficiis

147 3819 305 3889 expoliavit,
329 3819 459 3887 proscidit
483 3837 515 3870 ac
542 3820 689 3872 dilaniavit.
731 3821 854 3872 Necdum
879 3820 1041 3872 sacerdotali
1059 3821 1138 3872 anulo

145 3896 287 3960 insignitus
304 3899 374 3956 erat,
394 3898 421 3944 et
438 3895 492 3944 iam
512 3895 608 3961 omnia,
630 3910 698 3960 quae
718 3894 905 3945 denominatae
924 3909 1037 3960 sponsae
1055 3895 1138 3945 fuisse

147 3967 314 4029 videbantur,
334 3930 463 4018 salellites
481 3967 603 4031 symonis
622 3973 799 4019 vastaverant.
836 3968 906 4016 Dico
926 3969 1014 4029 etiam,
1033 3968 1055 4017 si
1075 3983 1138 4016 con-

148 4042 287 4092 cederetur
306 4039 426 4112 quolibet
444 4039 523 4090 modo
541 4040 614 4091 illius
634 4057 732 4106 sponsa
749 4041 840 4103 fuisse,
861 4041 953 4105 utique
973 4055 1031 4090 esse
1050 4039 1138 4101 desiit,

148 4119 288 4180 postquam
316 4129 374 4164 eam
400 4112 528 4179 pollutam
549 4119 576 4164 et
594 4113 721 4164 violatam
749 4118 789 4177 et,
814 4117 843 4163 ut
867 4113 906 4162 ita
929 4111 1031 4177 dicam,
1058 4111 1137 4162 adul·

147 4192 261 4237 teratam
280 4188 335 4238 suis
354 4185 516 4252 predonibus
534 4189 684 4253 prostravit.
720 4187 789 4246 Num
807 4186 888 4250 igitur
908 4200 974 4246 eam,
995 4191 1040 4236 aut
1058 4200 1137 4251 quam

148 4275 200 4310 non
219 4260 319 4323 babuit,
339 4265 385 4310 aut
403 4275 483 4326 qnam
495 4275 543 4311 suo
556 4260 658 4311 scelere
672 4259 796 4326 perdidit,
814 4257 885 4309 illius
899 4273 1023 4324 sponsam
1042 4260 1136 4326 rapui?

131 4386 158 4425 ad
173 4388 284 4427 monitum
300 4387 331 4426 ea.
786 4383 813 4453 1)
831 4386 849 4437 i.
870 4401 893 4438 e.
913 4385 1064 4440 ecclesiam.

865 4469 903 4534 12
