2938 5016
331 441 365 491 42
588 439 739 492 RICHERI
759 439 1011 492 HISTORIARUM
1031 439 1142 490 LIBER
1160 441 1197 490 11.

274 627 323 668 aaa.
333 605 459 690 Quibus
481 605 689 672 militantibus
712 629 784 672 cum
807 606 906 673 multa
927 606 1101 674 ambitione
1128 617 1159 673 et
1188 607 1338 694 obsequio
1359 607 1428 671 Lau-

332 692 451 756 dunum
483 691 635 757 deductus
666 701 722 759 est.
772 691 839 758 Ubi
870 693 965 758 etiarn
996 702 1027 757 et
1054 691 1232 778 regnandi⁸
1260 692 1328 756 iura
1355 694 1428 778 quin-

332 775 463 841 dennisl’
486 777 656 863 accipiens,
681 777 827 841 omnibus
849 775 1028 841 faventibus
1058 800 1116 862 per
1137 775 1310 841 domnumb
1332 787 1428 842 metro-

356 860 508 926 olitanum
530 859 699 926 Artoldum
729 862 823 924 oumb
851 861 1031 946 episcopisb
1061 861 1123 924 20¹³
1150 882 1209 926 rex
1236 869 1355 926 creatus
1381 871 1427 925 est.

218 961 269 1003 Iun·
287 961 321 1004 1⁹.
331 883 411 1010 lude
434 966 560 1033 quoque
583 943 750 1028 deductus,
780 947 813 1008 in
834 945 947 1009 vicinis
977 942 1110 1010 urbibus
1159 943 1332 1010 ratulanter
1358 947 1428 1009 exci-

331 1031 427 1116 pitur.
477 1030 627 1095 Universi
660 1030 711 1094 eib
745 1027 953 1115 applaudunt.
998 1028 1118 1094 Omnes
1136 967 1299 1094 detentor.
1342 1029 1428 1093 Tanta

332 1116 473 1178 omnium
495 1113 574 1178 fuitc
604 1125 635 1179 et
662 1113 772 1178 eadem
799 1135 899 1178 mens.
944 1113 1011 1178 Nec
1039 1114 1144 1178 minus
1170 1123 1201 1178 et
1223 1113 1428 1199 Burgundiam

331 1209 439 1285 petere
461 1221 498 1262 ao
520 1197 615 1262 urbes
638 1197 793 1284 sedesque
815 1198 919 1283 regias
940 1197 1073 1262 lustrare
1095 1219 1114 1261 a
1136 1196 1218 1262 dure
1240 1209 1389 1264 monetur.

425 1321 454 1384 b.
487 1319 580 1383 Rextl
603 1340 674 1382 curn
698 1318 778 1384 duce
800 1319 867 1382 Bur
891 1319 1041 1384 undiamd
1064 1319 1161 1404 petitd
1188 1339 1226 1381 ac
1249 1318 1359 1384 urbem

624 1403 856 1488 Lingonicam‘1
901 1402 960 1468 ello
985 1402 1160 1502 [premlit‘l.

414 1489 493 1552 Mox
515 1487 653 1552 hortanti
677 1488 906 1568 consensiones,
932 1485 1152 1586 Burgundram
1175 1486 1258 1550 duce
1276 1489 1428 1551 comitante

332 1572 540 1658 ingreditur¹.
594 1571 647 1636 Ad
677 1593 770 1658 quem
803 1570 933 1635 urbium
965 1573 1127 1657 prrneipes
1158 1571 1340 1656 benigniter
1368 1592 1427 1634 con-

331 1655 475 1736 fluentes,
497 1655 666 1742 magnifice
690 1665 893 1742 exceperunt.
938 1655 1044 1720 Acro
1070 1656 1112 1719 ati
1135 1654 1232 1719 fidem
1254 1657 1322 1719 iure
1343 1676 1428 1719 sacra-

332 1741 430 1804 menti
453 1740 616 1805 dederunt.
660 1740 757 1826 Hugo
780 1749 912 1822 tanturn,
936 1677 1068 1804 Roduld
1092 1740 1178 1824 regis
1200 1739 1307 1822 frater,
1329 1739 1428 1824 Lingo-

331 1824 437 1887 nicam
459 1823 571 1887 urbem
594 1823 770 1910 possidens,
793 1826 861 1910 regi
884 1845 1048 1889 occurrere
1071 1821 1201 1905 distulit,
1226 1827 1281 1909 qui
1302 1845 1428 1888 occurre-

332 1916 406 1971 runt
434 1907 604 1972 admodum
635 1908 733 1973 iratus
745 1920 766 1973 ².
810 1909 881 1973 Rex
910 1907 986 1972 dum
1013 1931 1070 1994 per
1098 1906 1219 1993 aliquot
1249 1906 1428 1973 ebdomadas

334 2013 392 2056 sua
413 1989 568 2073 lustraret,
601 1992 722 2056 inimici
744 1993 898 2057 invidiam
929 1991 1075 2056 advertit.
1129 1991 1315 2078 Proponens
1337 1994 1428 2076 itaque

332 2085 404 2141 ante
441 2075 615 2140 discessum
654 2076 773 2142 nullam
813 2077 964 2164 preterire
1001 2075 1122 2160 urbem,
1155 2075 1276 2162 legatos
1313 2075 1427 2162 Hugoni

332 2159 456 2246 dirigit,
487 2160 541 2246 qui
571 2182 589 2224 a
642 2163 788 2226 ertinatia
818 2183 891 2226 eum
920 2171 1070 2226 revocent
1098 2181 1136 2224 ac
1159 2161 1188 2225 ei
1211 2161 1250 2225 de
1273 2160 1337 2224 fide
1365 2158 1429 2224 sibif

332 2245 487 2310 servanda
502 2183 723 2330 persuadeant.
761 2245 825 2327 Qui
839 2246 926 2330 apud
943 2267 1015 2309 eurn
1031 2253 1223 2331 perorantes,
1246 2244 1325 2308 nihil
1345 2245 1427 2332 pacis,

331 2328 409 2393 nihil
430 2331 510 2416 regii
532 2329 660 2396 honoris
682 2341 883 2416 acceperunt.
927 2328 1022 2394 Unde
1038 2339 1069 2394 et
1084 2329 1229 2416 digressi,
1252 2329 1361 2394 audita
1374 2327 1427 2412 regi

331 2414 479 2479 referunt.
524 2413 620 2500 Hugo
649 2424 756 2500 preter
782 2415 831 2478 ius
855 2436 888 2477 se
910 2415 1013 2498 egisse
1036 2413 1213 2496 dinoscens,
1244 2414 1318 2478 urbi
1336 2413 1427 2498 copias

333 2496 482 2583 deputat,
515 2498 584 2582 ipse
612 2500 644 2562 in
666 2507 772 2584 partes
800 2499 890 2584 regni
920 2498 1093 2562 exteriores
1120 2521 1222 2584 usque
1247 2498 1289 2562 ad
1318 2509 1428 2583 tempus

213 2595 269 2642 ἰιι
288 2601 322 2642 ro.
333 2581 493 2645 secedens.
547 2581 617 2644 Rex
646 2604 721 2646 vero
749 2582 904 2668 pertinaci
933 2581 1113 2667 indignans,
1147 2581 1323 2647 exercitum
1355 2579 1428 2645 'urbi

333 2664 483 2750 applicat,
511 2675 640 2749 aparte
671 2688 733 2752 qua
760 2664 929 2752 planiciem
959 2665 1077 2752 prefert
1099 2689 1143 2752 pu
1167 2687 1242 2729 nam
1264 2668 1376 2732 acriter
1394 2665 1429 2726 in-

333 2770 456 2833 gerens.
499 2747 608 2813 Altera
630 2750 713 2814 enim
735 2761 835 2836 parte,
857 2749 954 2814 latere
977 2751 1092 2815 montis
1115 2773 1132 2814 e
1157 2760 1239 2834 uota,
1262 2773 1345 2838 pene
1360 2753 1429 2814 inac-

334 2830 487 2896 cessibilis
510 2841 565 2896 est.
599 2834 637 2897 In
651 2845 740 2919 parte
763 2856 839 2919 ergo
863 2855 945 2920 quae
967 2833 1125 2898 obsidioni
1144 2835 1248 2920 aptior
1268 2847 1316 2900 est
1330 2833 1429 2899 milites

333 2915 406 2980 urbi
428 2937 486 2979 rex
507 2937 580 2981 curn
603 2917 683 2982 duce
712 2918 851 2984 adhibet.
901 2917 1027 2998 Quibus
1056 2919 1134 3004 inpu
1158 2919 1307 2984 nantibus
1338 2920 1429 2984 hostes

333 3001 608 3066 uehementissime
630 3003 801 3068 resistunt³
829 3001 900 3067 telis
925 3025 965 3066 ue
991 3025 1030 3066 ac
1058 2942 1219 3088 lapidibus
1242 3026 1348 3068 aerem
1370 3003 1430 3068 den-

334 3095 405 3150 sant
419 3092 516 3171 atque
527 3087 714 3172 impetentes
729 3096 876 3152 atterunt.
947 3109 988 3151 on
1002 3097 1109 3152 tamen
1124 3109 1225 3174 usque
1241 3088 1283 3152 ad
1298 3089 1430 3153 effectum

333 3168 521 3255 repulsionis
543 3181 684 3258 perstare
706 3180 887 3257 potuerunt.
931 3172 1013 3236 Nam
1035 3173 1116 3258 regii
1138 3175 1297 3258 equitatus
1321 3171 1430 3236 infesta-

334 3255 452 3319 tionem
474 3276 539 3318 non
564 3254 714 3339 ferentes,
741 3277 760 3318 a·
787 3267 876 3342 parte
898 3266 1060 3342 prerupta,
1091 3277 1171 3342 quae
1195 3256 1360 3321 obsidione
1380 3274 1430 3318 non

333 3339 555 3424 premebatur,
598 3351 691 3406 nocte
733 3343 852 3426 egressi
887 3340 1085 3424 aufugerunt.
1145 3338 1240 3405 (lives
1276 3363 1353 3405 vero
1389 3337 1431 3424 qui

332 3433 551 3488 remanserunt
572 3425 641 3510 regi
663 3445 739 3488 mox
757 3433 865 3510 portas
880 3445 1042 3510 aperuere,
1066 3447 1139 3489 eum
1155 3445 1225 3488 curn
1243 3426 1309 3489 suis
1324 3425 1430 3508 absque

333 3507 558 3593 refragratione
592 3509 625 3572 in
657 3507 735 3572 urbe
768 3506 992 3594 gratulabundi
1025 3510 1231 3596 excipientes.
1283 3510 1356 3590 Qua
1385 3525 1431 3570 rex

334 3591 463 3674 potitus,
486 3589 527 3653 ab
551 3592 618 3654 eius
641 3593 792 3677 episeopo
820 3590 953 3678 aliisquo
982 3594 1073 3678 regni
1102 3593 1288 3679 proceribus
1320 3591 1431 3658 obsides

334 3675 458 3758 aceepit
479 3683 574 3759 atque
597 3675 664 3738 sicb
687 3697 760 3739 cum
783 3676 863 3740 duce
886 3677 1044 3742 Parisium
1066 3678 1127 3742 iter
1148 3677 1283 3742 retorsit.

448 3860 450 3864 ,
470 3794 498 3857 6.
532 3795 603 3859 Rex
624 3795 733 3860 ducisss
755 3798 1033 3882 procurationemss
1055 3818 1074 3860 a
1096 3820 1129 3862 se
1152 3806 1310 3862 amovetss.

274 3901 324 3943 ιιι.
417 3876 488 3942 Rex
509 3877 649 3943 felicium
671 3903 776 3944 rerum
799 3903 950 3946 successu
979 3880 1089 3964 elatus,
1119 3892 1226 3967 preter
1256 3883 1347 3946 ducis
1373 3899 1433 3967 pro·

335 3961 530 4026 curationem
558 3986 608 4028 res
638 3985 710 4028 suas
740 3964 879 4028 ordinari
905 3986 1000 4050 posse
1030 3965 1222 4052 cogitabat⁴.
1273 3967 1366 4031 Unde
1392 3962 1434 4026 eth

394 4086 416 4140 a)
433 4100 555 4138 regnorum
577 4103 624 4131 moa
647 4103 703 4133 corr.
725 4093 846 4140 regnandi.
923 4090 946 4143 b)
960 4099 1011 4142 post
1027 4095 1076 4136 odd.
1152 4091 1172 4144 c)
1190 4105 1210 4134 o.
1227 4096 1250 4133 et
1265 4095 1366 4133 omnium
1382 4103 1399 4131 e.
1420 4091 1433 4126 l·

334 4147 357 4199 d)
374 4147 415 4199 Ro,
430 4150 458 4200 B,
473 4160 544 4201 prem,
561 4150 596 4201 Li,
613 4161 640 4190 oa
655 4151 720 4202 absa,
737 4153 800 4201 capit
814 4151 861 4199 del,
877 4152 921 4191 alio
937 4153 1010 4192 addito
1026 4153 1128 4193 vocabulo
1144 4164 1202 4192 nuno
1217 4153 1315 4194 obscuro.
1367 4151 1386 4201 e)
1401 4157 1433 4187 rut

332 4209 423 4248 visurus
439 4208 488 4248 odd.
507 4211 527 4249 1.
586 4208 667 4262 Oregl
684 4214 704 4252 1.
765 4209 788 4261 g)
805 4211 832 4262 ls,
850 4221 881 4262 re,
898 4222 927 4263 m,
945 4215 967 4251 et
982 4213 1038 4252 ater.
1099 4211 1121 4264 h)
1139 4213 1269 4252 invidorum
1285 4213 1323 4252 del.

410 4283 437 4352 1)
458 4285 498 4337 Of.
517 4287 594 4340 Flod.
616 4289 677 4340 936.
753 4287 781 4353 2)
801 4289 818 4340 i.
840 4304 862 4338 e.
889 4291 971 4341 iratus
998 4287 1103 4360 (Hugo)
1132 4292 1164 4341 iis
1194 4291 1239 4356 qui
1268 4289 1433 4341 occurrerunt.

337 4355 365 4424 3)
378 4358 545 4424 fugientibus
573 4361 613 4412 bia
638 4361 684 4427 qui
710 4377 768 4414 eam
794 4362 924 4414 custodire
949 4362 1108 4415 videbantur
1134 4361 1190 4415 sine
1216 4363 1280 4415 bello
1306 4360 1433 4428 rccipiunt.

334 4431 413 4482 Flod.
489 4430 689 4485 4t1bid.937.

506 4487 513 4498 Ι
