2938 5016
105 1199 309 1298 *Gallorum
332 1232 554 1318 congressibus
575 1232 609 1296 in
627 1229 788 1296 volumine
810 1229 993 1316 regerendis
1014 1229 1245 1316 imperitus-1·

32 1313 81 1393 tui,
100 1323 193 1399 pater
210 1315 408 1379 sanctissime
424 1313 611 1398 Gerberte⁸,
632 1317 804 1380 auctoritas
822 1316 1028 1380 seminarium
1042 1313 1141 1380 dedit.
1168 1325 1192 1364 Ρ·
1207 1314 1256 1360 ⁵⁶⁸

34 1395 137 1480 Quam,
161 1399 240 1485 quia
261 1420 418 1464 summam
439 1398 606 1466 utilitatem
628 1399 728 1482 affert,
751 1409 783 1464 et
802 1421 909 1464 rerum
923 1399 1058 1464 materia
1071 1420 1141 1464 sese

33 1479 215 1632 multiplexl’
237 1482 360 1630 prebet,
390 1504 427 1548 eo
449 1484 548 1548 animi
576 1484 650 1548 nisu
676 1481 882 1582 complector,
912 1505 975 1570 qua
1001 1481 1141 1548 iubentis

34 1585 105 1628 mira

35 1647 160 1714 cendum
183 1651 403 1733 existimavi⁰‚
427 1652 524 1716 curn<l
545 1672 597 1716 res
618 1650 718 1716 multo
739 1659 813 1715 ante
834 1659 941 1736 gestas
962 1650 1017 1716 div
1077 1673 1142 1716 me-

34 1733 163 1798 moriae⁰
179 1735 385 1817 Hincmarus,
400 1745 473 1801 ante
487 1745 519 1800 te
533 1737 567 1800 in
582 1735 771 1822 pontificatu
786 1735 835 1799 8¹¹¹
845 1737 869 1817 *,
892 1736 957 1800 suis
1068 1735 1141 1802 ibus

35 1818 243 1902 copiosissime
265 1820 428 1884 annexuit.
461 1820 630 1905 Tantoque
645 1820 809 1906 superiora
824 1817 924 1884 lector
938 1840 977 1885 ea
1002 1819 1142 1902 nveniet,

35 1911 141 1984 quanto
155 1926 176 1966 a
190 1904 292 1967 nostri
307 1901 452 1989 opusculi
468 1903 599 1968 exordio
614 1925 673 1990 per
688 1905 756 1968 eius
770 1911 897 1988 regesta
911 1925 981 1968 sese
995 1902 1143 1970 attollet‘.

34 1984 70 2047 Et
88 1986 147 2050 hoc
167 1988 311 2074 inquam,
338 2009 378 2052 ne
400 1985 592 2052 Karolorum
614 1986 812 2074 aliorumque
833 1986 982 2074 frequens
1006 1988 1038 2051 'n
1058 1997 1144 2053 utro-

35 2089 88 2153 que
109 2091 205 2157 opere
235 2071 382 2158 repetitio
413 2071 518 2158 operis
548 2073 716 2158 utriusque
745 2071 888 2135 ordinem
917 2069 1034 2136 turbe.
1076 2071 1144 2136 Ubi

36 2153 109 2216 onim
129 2177 238 2220 rerum
260 2154 337 2219 ordo
359 2177 424 2220 non
445 2155 629 2238 advertitur,
656 2166 745 2220 tanto
772 2156 925 2220 nitentem
955 2177 1042 2219 error
1070 2177 1143 2219 con-

35 2234 137 2320 tundit,
162 2248 282 2324 quanto
305 2239 427 2304 eserie
449 2238 593 2304 ordinis&
615 2250 772 2304 errantem
795 2238 929 2302 seducit.
959 2237 1054 2303 Unde
1069 2259 1142 2302 cum

36 2317 81 2382 hic
100 2333 196 2409 atque
217 2321 283 2386 illic
306 2344 382 2409 sepe
403 2322 525 2406 Karoli,
553 2345 629 2410 sepe
650 2322 809 2386 Ludovici
836 2331 930 2386 notae
957 2321 1142 2402 offeruntur,

37 2427 86 2488 pro
106 2417 250 2494 ternpore
272 2416 439 2472 auctorum
462 2406 602 2493 prudens
624 2405 724 2471 lector
745 2429 779 2471 re
803 2427 836 2469 es
858 2405 1051 2490 aequivocos
1072 2427 1141 2492 per-

37 2488 157 2556 notabit.
202 2492 349 2572 Quorum
380 2489 579 2578 temporibus
605 2481 695 2556 bella
726 2512 746 2552 a
779 2427 880 2554 Ueliis
912 2511 1142 2576 saepenumero

39 2585 151 2656 patrata
180 2576 350 2661 variosque
379 2597 489 2640 eorum
517 2575 670 2640 tumultus
698 2595 736 2637 ac
766 2573 907 2638 diversas
924 2574 1140 2658 'negotiorum

39 2659 163 2723 rationes
182 2660 223 2724 ad
244 2660 432 2723 memoriam
446 2658 599 2725 reducere
614 2660 733 2745 scripto
749 2656 929 2784 specialiter
942 2658 1142 2744 propositum

40 2753 86 2806 est
121 2743 242 2830 Siqua
255 2765 331 2808 vero
354 2741 488 2807 aliorum
510 2743 688 2824 efferantur,
712 2741 754 2807 ob
799 2742 973 2807 incidentes
995 2743 1143 2824 rationes,

40 2828 219 2910 quaeritari
233 2849 298 2891 non
313 2837 495 2913 potuerunt,
510 2826 543 2890 id
558 2827 700 2892 evenisse
716 2834 854 2913 putetur.
898 2825 963 2890 Sed
970 2827 998 2857 **
1015 2826 1041 2889 si
1056 2827 1144 2911 igno-

39 2919 81 2974 tae
106 2912 302 3011 antiquitatis
334 2911 550 3010 ignorantiaei
575 2932 702 2995 arguar,
735 2932 776 2974 ex
804 2908 944 2996 quodam
971 2908 1145 2975 Flodoardi

39 2993 196 3077 presbiteri
210 2996 377 3061 Remensrs
392 2993 498 3061 libello
513 3017 564 3060 me
579 2993 709 3081 aliqua*
725 2995 898 3080 sumpsisse
912 2993 992 3057 noni
1013 2994 1144 3076 abnuet

40 3079 79 3141 ati
93 3101 155 3144 non
173 3080 273 3145 verba
287 3080 417 3166 quidem
432 3078 554 3161 eadem,
577 3077 633 3142 sed
648 3077 711 3143 alia
731 3099 790 3164 pro
805 3077 875 3142 aliis
890 3077 1000 3164 longe¹
1016 3076 1143 3142 diverso

41 3165 209 3228 orationism
225 3172 364 3228 scemate
379 3163 574 3262 disposuisse
582 3163 600 3243 ¹,
616 3185 666 3228 res
681 3163 752 3248 ipsa
766 3162 1001 3227 evidentissime
1016 3161 1145 3228 demon-

41 3253 116 3310 strat.
160 3247 307 3334 Satisque
333 3245 444 3312 lectori
471 3247 539 3311 fieri
566 3245 712 3328 arbitror,
742 3247 791 3310 si¹¹
835 3243 1021 3311 robabiliter
1048 3255 1144 3332 atque

41 3327 169 3396 dilucide
189 3331 407 3418 breviterquei
431 3331 538 3395 omnia
560 3330 775 3417 digesserim0.
812 3270 857 3394 ln
879 3328 1015 3392 dicendo
1037 3331 1144 3393 enimv

41 3433 179 3480 recusans
206 3414 346 3498 effluere,
374 3413 512 3514 plurima
545 3416 704 3480 succincte
736 3411 916 3560 expediam.
965 3411 1015 3475 Ac
1047 3413 1145 3476 totius

42 3499 196 3564 exordium
214 3500 406 3564 narratioms
420 3497 599 3584 aggrediar,
621 3496 760 3562 breviter
789 3507 862 3562 acta
876 3493 962 3560 orbis
977 3494 1145 3579 divisione,

43 3578 197 3669 Gallisque
216 3585 252 3648 in
272 3593 378 3669 partes
393 3582 572 3664 distributa,
596 3603 633 3648 eo
650 3581 737 3669 quod
751 3583 820 3646 eius
835 3579 1027 3668 populorum
1041 3601 1146 3646 mores

42 3671 172 3731 stactus
193 3667 374 3733 describere
396 3668 597 3754 propositum
619 3667 668 3730 sit.

348 3767 560 3834 EXPLICIT
582 3758 831 3834 PROLOGUS.

106 3929 129 3996 ¹¹)
149 3931 309 3986 Hincmarus
328 3939 390 3985 ente
409 3939 436 3985 te
456 3934 585 4000 septimus
604 3933 746 3984 Remorum
765 3930 986 3998 metropolitanus
1008 3931 1034 3985 1.

95 4002 130 4069 “l
150 4004 202 4057 Sed
223 4033 254 4044 -
277 4008 435 4072 digesserim
454 4004 484 4057 irs
501 4003 628 4071 inferiore
646 4002 765 4071 maryirse
785 4005 810 4055 2.

95 4148 116 4200 a)
133 4149 161 4192 G.
176 4153 246 4194 coda.
307 4152 331 4205 b)
347 4165 363 4194 x
378 4153 472 4194 masaia
535 4150 556 4206 c)
574 4153 657 4192 ducere
672 4151 736 4192 volui
754 4153 774 4192 1.
820 4148 843 4202 d)
861 4161 884 4190 m
899 4149 994 4190 masau.
1040 4145 1062 4198 c)
1080 4147 1102 4188 d.
1116 4157 1146 4189 m.

46 4207 83 4246 cod.
120 4209 246 4259 ilsxordio
265 4234 287 4243 -
307 4223 358 4253 sese
374 4214 398 4252 ta
413 4214 458 4251 loro
474 4222 533 4258 raso,
555 4211 645 4252 attollet
664 4211 688 4250 in
704 4210 807 4259 mareiae.
845 4207 869 4259 g)
885 4209 910 4248 r'a
925 4219 993 4257 mara.
1031 4205 1055 4256 h)
1072 4217 1114 4256 per
1126 4207 1146 4248 1.

48 4263 117 4314 bross
132 4269 180 4312 odd.
237 4269 262 4322 k)
279 4273 373 4321 quidem
394 4272 444 4311 add.
460 4271 497 4310 scd
516 4270 555 4311 dei.
616 4268 633 4321 l)
650 4270 803 4319 prestantiors
826 4279 884 4310 corr.
907 4265 1063 4306 diversissimo
1088 4277 1148 4308 corr.

48 4323 113 4365 ilerum
127 4327 193 4376 longe
208 4330 305 4373 diverso.
351 4329 381 4382 m)
398 4329 549 4370 ordinationis
565 4340 621 4369 sorr.
639 4328 758 4368 orationis.
804 4325 829 4378 n)
847 4325 1002 4367 cumrormi.
1048 4323 1071 4376 o)
1088 4325 1151 4366 dixe·

48 4383 83 4422 rin
96 4397 152 4426 corr.
168 4387 253 4437 digesta
268 4391 315 4432 elnt
330 4402 385 4430 corr.
402 4391 425 4431 it.
443 4389 585 4438 digesserim.
646 4385 670 4438 p)
688 4397 780 4436 quoque
797 4387 817 4429 1.

148 1567 243 1632 enivo
256 1568 342 1632 entia
363 1567 539 1653 pertrahor.
583 1566 683 1633 Cuius
704 1589 751 1632 rer
770 1567 896 1630 mitium
918 1589 938 1630 a
958 1567 1064 1632 vicino
1084 1565 1145 1635 du-
1448 1585 1452 1592 ·
