2938 5016
316 404 350 454 66
589 399 741 452 RICHERl
761 399 1011 452 HISTORIARUM
1031 397 1142 451 LIBER
1161 399 1199 452 11.

257 597 307 639 crs.
401 570 452 634 54.
481 569 627 633 Intereaa
650 567 726 633 Otto
748 588 805 631 rex
825 587 897 630 cum
913 565 1024 632 Rheno
1050 567 1234 632 transmisso
1257 567 1416 632 exercitum

194 670 251 716 ⁸101.
262 675 305 716 aa.
317 676 376 742 per
397 652 563 737 Belgicam
586 651 725 732 duceret,
754 650 862 716 obviat
892 651 979 737 *regi
1002 650 1182 730 Oonrhado,
1212 652 1267 738 qui
1293 661 1365 715 tunc
1384 651 1418 714 ab

317 736 455 824 Alpibus
478 757 495 800 e
536 757 634 818 essus,
664 755 738 798 curn
767 732 867 799 multa
891 735 1096 821 expeditione
1117 734 1283 800 Ludovico
1306 757 1417 799 succur-

317 843 387 888 rere
417 842 494 886 acce
507 821 625 885 arabat.
679 819 784 882 Iuncti
814 839 889 902 ergo
918 817 1025 900 ambo,
1058 840 1129 882 cum
1158 817 1258 884 multo
1292 820 1419 905 equitatu

317 903 555 994 gradiebantur.
599 903 744 983 Quorum
759 923 924 966 accessum
939 902 1121 968 Ludovicus
1144 903 1325 984 dinoscens,
1345 903 1419 967 ocius

318 989 465 1054 occurrit.
519 987 599 1052 Tres
621 987 729 1072 itaque
757 1008 850 1071 reges
877 987 910 1050 in
932 1009 1031 1052 unum
1054 985 1186 1070 collecti,
1215 987 1314 1072 primi
1335 993 1419 1050 certa-

317 1075 411 1138 minis
446 1071 589 1136 laborem
625 1068 781 1134 Lauduno
817 1069 1016 1134 inferendum
1053 1069 1238 1136 decernunt.
1295 1070 1338 1134 Et
1364 1071 1419 1132 sinc

317 1179 407 1223 mora
428 1153 481 1220 illo
504 1155 681 1220 exereitum
703 1153 832 1218 duent.
886 1152 970 1219 Cum
992 1177 1026 1218 er
1049 1176 1067 1218 o
1089 1177 1132 1220 ex
1153 1155 1289 1220 adverso
1318 1153 1420 1218 montis

318 1241 521 1308 eminentiam
543 1236 687 1302 viderent
709 1239 760 1302 etl
783 1239 869 1301 omni
891 1249 982 1324 parte
996 1177 1085 1304 uritis
1105 1239 1200 1303 situm
1221 1238 1420 1386 explorarent,

318 1325 446 1411 cognito
469 1324 630 1387 incassum
650 1341 721 1386 sese
747 1321 792 1386 ibi
820 1329 1004 1405 certaturos,
1031 1320 1071 1386 ab
1099 1345 1138 1387 ea
1159 1321 1239 1386 urbe
1289 1319 1421 1386 iseedunt

318 1419 350 1476 et
380 1409 497 1474 Remos
530 1405 726 1471 adoriuntur.
780 1404 845 1469 Ubi
878 1408 955 1492 quia
984 1405 1138 1493 planicies
1174 1406 1421 1470 commoditatem

318 1491 511 1592 exercitibus
526 1488 670 1590 parabat,
694 1488 819 1588 obsidio
835 1489 1085 1578 circumquaque
1101 1491 1257 1638 disposita
1279 1502 1335 1555 est.
1370 1488 1421 1552 Et⁰

317 1598 421 1724 pnmo
444 1585 617 1640 eertamme
640 1593 818 1638 comminus
840 1583 1018 1659 pugnatum
1048 1583 1104 1640 est.

1170 1598 1191 1638 n
1236 1597 1278 1640 uo
1307 1573 1367 1638 tela
1391 1593 1421 1634 ac

329 1683 348 1724 a
373 1659 442 1723 ides
464 1669 530 1724 tam
553 1658 649 1722 dense
664 1655 856 1738 ferebantur,
880 1681 975 1744 quam
991 1658 1090 1724 densa
1104 1597 1236 1744 grandtil
1244 1658 1421 1745 quandoque

319 1683 479 1808 dilabitur.
524 1741 586 1804 Per
613 1742 769 1826 integram
797 1763 873 1826 ergo
903 1742 988 1806 diem
1018 1743 1175 1807 continuis
1197 1741 1337 1807 motibus
1358 1739 1422 1804 urbs
1457 1775 1458 1782 κ

318 1828 495 1912 inpugnata
524 1833 580 1888 est.
637 1825 715 1889 Post
746 1846 822 1889 vero
859 1827 1036 1890 comminus
1069 1827 1205 1912 septies⁸
1237 1826 1422 1900 dimicatum,
1457 1843 1458 1874 r

319 1920 414 1996 atque
436 1907 496 1972 hoc
518 1907 583 1972 fere
606 1929 664 1993 per
685 1907 752 1972 dies
774 1931 842 1972 sex.

403 1992 455 2056 55.
487 1990 554 2056 Nec
581 1992 710 2056 tamen<¹
740 1993 826 2056 cives
854 1992 990 2056 assiduis
1018 1993 1206 2058 tumultibus
1238 1995 1317 2058 victi
1351 1989 1422 2056 ulloc

319 2075 436 2142 modo⁰
460 2074 623 2161 cedebant,
653 2097 857 2140 cumeorum
885 2077 991 2164 presul
1014 2077 1111 2163 Hugo
1141 2078 1299 2164 quosdam
1321 2075 1423 2164 princi-

319 2183 406 2248 pum,
430 2161 484 2247 qui
500 2157 561 2224 sibi
577 2159 715 2246 quadam
731 2161 919 2247 cognatione
935 2161 1176 2245 conveniebant,
1194 2171 1287 2226 extra
1302 2160 1422 2226 urbem‘

319 2243 472 2311 allocutus
501 2253 557 2326 est,
591 2265 746 2330 quaerens
776 2244 817 2308 ab
848 2245 893 2309 eis
920 2246 1085 2328 rationem,
1116 2256 1152 2312 ut
1179 2245 1309 2328 scilicet,
1342 2241 1427 2331 quidl

319 2329 489 2416 agendum,
513 2328 590 2414 quid
611 2325 788 2410 vitandum,
819 2327 881 2392 sibi
904 2329 1060 2412 dicerent3
1091 2330 1117 2394 si
1140 2327 1321 2416 aliquorum
1342 2330 1424 2391 inter-

320 2415 463 2478 cessione
484 2412 518 2476 id
545 2411 737 2476 medendum
758 2411 929 2496 videretur,
960 2413 985 2476 si
1016 2435 1096 2500 opus
1117 2413 1199 2478 foret
1220 2413 1377 2500 precibus,
1402 2410 1423 2472 si

319 2497 413 2562 etiam
435 2517 563 2580 pugnae
585 2495 766 2560 instandum
789 2507 881 2562 esset.
919 2495 969 2562 Illi
983 2519 1061 2561 mox
1075 2519 1186 2582 regum
1201 2498 1423 2562 animositatem

319 2579 580 2660 demonstrantes,
601 2579 702 2642 fixum
724 2582 758 2642 in
780 2581 825 2644 eis
848 2589 1001 2664 asserunt,
1024 2579 1181 2646 nullorum
1203 2579 1423 2647 interventibus

319 2683 388 2726 sese
417 2681 633 2744 concessuros,
666 2673 698 2727 at
730 2663 888 2729 obsidioni
920 2687 1021 2752 usque
1049 2666 1090 2730 ad
1123 2666 1270 2730 effectum
1305 2687 1323 2729 o
1349 2684 1422 2728 eram

319 2745 464 2826 daturos;
487 2745 572 2831 quod
595 2747 643 2809 si⁰
664 2745 777 2811 urbem
799 2749 832 2811 vi
855 2750 929 2834 capi
950 2750 1122 2835 contingat,
1144 2751 1207 2836 ipsi
1250 2687 1347 2814 reond
1363 2767 1423 2810 ocn-
1456 2785 1457 2836 3

316 2828 365 2893 los
387 2827 565 2912 effossuros,
588 2839 619 2896 et
633 2828 694 2894 hoc
709 2832 754 2896 ita
769 2831 949 2896 ordinatum
963 2835 1145 2932 fixumque3
1168 2857 1212 2897 un
1236 2857 1253 2899 e
1269 2843 1303 2899 et
1317 2828 1423 2900 aeccle·
1456 2845 1457 2858 ¹

318 2910 463 2996 randum,
485 2921 520 2976 ut
541 2913 723 3000 egrediatur
737 2937 875 3002 suosque
890 2917 931 2982 ab
946 2939 1058 3002 regum
1074 2916 1294 3004 indignatione
1310 2918 1354 2982 eri
1379 2917 1422 2978 iat.
1456 2963 1457 2970 ,

318 2995 379 3060 His
402 2994 509 3082 presul
530 2998 666 3080 territus,
690 3000 755 3063 suis
777 2998 838 3064 hoc
860 3009 1046 3065 monstratss.
1090 3001 1134 3066 Et
1155 3001 1286 3066 consilio
1314 2937 1422 3075 habito,

320 3079 590 3228 dielhobsidionis
612 3092 722 3148 sexta¹
748 3103 820 3148 cum
843 3085 908 3148 suis
931 3085 1101 3172 egreditur.
1152 3087 1280 3151 Portaei
1305 3082 1424 3170 regibus

342 3186 383 3229 an
406 3173 510 3230 untur.

318 3187 339 3252 p
403 3249 453 3314 56.
485 3249 589 3335 Reges
622 3273 698 3316 vero
730 3249 900 3316 Artoldum
932 3261 1143 3335 resumentes,
1180 3253 1294 3318 urbem
1328 3271 1424 3316 conse-

319 3343 452 3482 quenter
472 3333 686 3400 introducunt.
729 3335 940 3422 Duorumque
963 3337 1278 3423 metropolitanorum
1301 3336 1424 3412 me'dius,

347 3417 475 3482 riderici
507 3419 687 3504 Maguntini
723 3441 762 3484 ac
794 3419 939 3486 Rotberti
972 3421 1192 3504 Treverensis,
1223 3421 1264 3488 ab
1299 3423 1345 3486 eis
1376 3437 1425 3504 per

300 3523 432 3565 ¹manus
454 3503 605 3586 pristinae
628 3501 696 3567 sedi
717 3504 878 3568 restitutus
901 3514 957 3567 est.
994 3503 1060 3569 Ubi
1083 3506 1178 3569 etiarn
1200 3527 1278 3570 mox
1299 3502 1424 3570 Gerber·

320 3604 394 3681 gam
423 3585 566 3668 reginam
598 3607 669 3650 cum
697 3585 818 3672 aliquot
843 3585 1017 3652 illustribus
1044 3589 1207 3654 custodiae
1234 3590 1423 3676 deputantes,

319 3689 330 3728 1
356 3667 381 3729 si
411 3675 474 3730 tres
503 3689 594 3753 reges
621 3671 654 3732 in
681 3669 854 3754 Hugonem
876 3670 992 3734 ducem
1019 3693 1092 3736 cum
1118 3675 1261 3738 exercitu
1281 3674 1422 3738 feruntur.

346 3747 464 3813 illetum
495 3773 621 3838 quoque
646 3754 679 3817 vi
707 3755 883 3840 irrumpere
912 3755 1064 3840 nitentes,
1093 3757 1292 3823 considerato
1323 3751 1424 3843 oppidi

319 3832 528 3917 firmamento,
550 3835 624 3900 inde
646 3837 847 3921 amoliuntur,
870 3860 934 3903 non
956 3848 1064 3905 tamen
1090 3841 1158 3906 sine
1180 3840 1327 3906 suburbii
1350 3859 1423 3904 com-

318 3914 465 4066 buspioqe
490 3927 522 4066 qt
550 3917 728 4007 aliquorum
757 3944 851 4005 nece;
882 3923 991 4010 sicque
1020 3924 1061 3988 ad
1088 3924 1221 3990 fluvium
1250 3924 1423 4011 Sequanam

319 4023 433 4066 conen
456 4024 522 4066 un.

377 4144 461 4197 amn
477 4149 525 4192 odd.
587 4147 609 4201 b)
631 4153 699 4191 etex
716 4151 736 4192 1.
804 4149 949 4202 e)nt1n1.
1015 4151 1038 4206 d)
1058 4155 1154 4205 Iamque
1172 4155 1189 4195 l.
1257 4151 1279 4206 e)
1301 4165 1323 4194 a.
1340 4151 1423 4202 praeter

316 4215 409 4244 suorum
427 4207 591 4248 conscientiam
608 4209 658 4248 cdd.
676 4211 695 4250 1.
756 4208 774 4262 f)
791 4211 992 4262 albinaque.
1006 4216 1025 4253 1.
1087 4211 1110 4266 g)
1127 4215 1223 4254 mostrat
1238 4224 1296 4252 corr.
1312 4209 1421 4252 monstrat.

317 4260 342 4313 h)
359 4264 380 4304 d.
397 4275 414 4304 s.
432 4275 452 4304 ο.
470 4267 490 4306 1.
551 4263 567 4316 t)
581 4267 608 4308 P.
625 4277 717 4317 quoque
735 4269 755 4310 1.

393 4373 420 4441 1)
436 4384 498 4441 post
517 4377 619 4430 tertiam
638 4367 782 4432 obsidionis
801 4380 870 4434 diem
888 4383 966 4438 Flod.
