2936 5010
314 379 365 432 las
548 379 700 432 RICHERI
718 379 969 432 HISTORIARUM
988 379 1099 430 LIBER
1117 378 1185 430 1111.

250 574 300 616 ore.
313 547 462 634 Sepultus
483 557 531 613 est
544 548 652 612 Remis
674 548 708 611 in
730 545 882 612 coenobio
904 545 1133 611 monachorum
1155 548 1257 610 sancti
1273 546 1408 632 Remigii,

183 665 240 713 Ἢ,
257 671 300 714 4„
313 654 384 696 cum
406 641 496 719 patre
518 641 549 698 et
571 641 679 714 matre,
709 632 791 696 siout
819 637 907 696 'ante
936 631 1072 696 iusserat
1100 630 1182 712 suis,
1212 631 1297 717 quod
1324 631 1408 696 etiam

312 715 403 780 abest
431 718 493 780 ‘240
515 715 647 780 stadiis·
674 715 715 780 ab
737 737 775 780 eo
797 713 877 797 loco,
904 715 938 778 in
966 737 1030 802 quo
1056 713 1152 779 finem
1173 715 1258 780 vitae
1279 716 1407 800 aceepit,

312 798 411 865 multo
448 798 601 886 obsequio
634 800 853 864 universorum
889 800 1023 886 parique
1059 799 1176 864 affectu
1208 821 1267 885 per
1297 809 1407 863 tantum

311 885 406 971 spatii
428 884 592 949 deductus.

644 1067 828 1134 INCIPITb
850 1067 982 1133 LIBER
1003 1067 1079 1132 IIII.

396 1191 423 1254 1.
468 1187 599 1277 Sepulto
621 1187 781 1270 Lothario,
809 1187 991 1252 Ludovious
1021 1187 1104 1251 filius
1134 1207 1154 1250 a
1183 1187 1264 1252 duce
1285 1185 1406 1274 aliisque

335 1273 513 1360 rinoipibus
534 1275 566 1337 in
584 1295 718 1358 regnum
733 1271 932 1358 subrogatur.
960 1269 1224 1336 Circumvallatur
1241 1284 1335 1356 ergo⁰
1349 1295 1406 1336 am-

312 1295 382 1423 litu
394 1359 622 1424 universorum.
653 1355 1111 1422 Promittuntbenivoleutiam.
1137 1354 1406 1440 Spondentfidem.

314 1441 508 1528 Stipatoresd
530 1442 625 1508 etiam
640 1441 727 1504 vario
743 1439 847 1504 cultu⁰
869 1439 1014 1504 iacienda
1028 1436 1219 1504 dictabant0.
1255 1437 1318 1502 Alii
1331 1440 1406 1503 enim

310 1527 345 1592 in
367 1525 510 1612 palatiisr
529 1525 558 1590 ei
573 1524 777 1590 residendum
799 1523 979 1605 censebant,
1001 1533 1037 1587 ut
1057 1523 1218 1608 principes
1233 1523 1274 1587 ad
1289 1545 1321 1588 se
1342 1544 1406 1586 con-

313 1609 446 1675 fluentes
481 1611 548 1676 eius
582 1610 717 1694 imperio
751 1609 959 1689 deservirent,
996 1630 1036 1671 ne
1063 1608 1151 1692 regia
1179 1607 1317 1692 dignitas
1341 1607 1406 1672 vile·

315 1705 425 1776 sceret,
448 1695 474 1758 si
495 1692 572 1757 alias
593 1701 704 1778 utpote
726 1695 818 1778 inops
840 1691 935 1756 alieni
957 1691 1100 1778 suffragii
1115 1701 1237 1790 peteret
1252 1714 1334 1778 opes.
1373 1691 1405 1754 In

314 1779 399 1842 omni
421 1779 516 1842 etiam
539 1777 692 1862 dignitate
713 1775 746 1840 id
761 1799 830 1841 esse
852 1776 1038 1857 cavendum,
1059 1798 1099 1839 ne
1113 1799 1147 1839 m
1184 1776 1332 1840 rimordio
1348 1797 1405 1840 sus-

312 1861 396 1946 cepti
410 1861 540 1926 honoris
550 1861 699 1945 segnities
712 1869 744 1924 et
753 1861 882 1945 ignavia
892 1861 1042 1926 virtutem
1057 1799 1236 1925 habendam
1251 1883 1288 1924 su
1312 1869 1404 1939 erent,

311 1967 386 2008 nam
409 1947 435 2009 si
456 1945 490 2010 id
510 1945 575 2027 fite,
597 1952 696 2008 totam
718 1945 813 2008 etiam
834 1967 903 2008 rem
924 1945 957 2008 in
979 1953 1196 2029 contemptum
1219 1883 1403 2010 civilitatem

311 2029 570 2115 pernitiosissime
593 2027 808 2094 deventuram.
852 2027 916 2092 Alii
939 2050 1002 2114 quo
1026 2051 1066 2094 ue
1088 2051 1161 2092 eum
1183 2028 1263 2092 duce
1285 2028 1313 2094 ei
1330 2049 1404 2091 com·
1452 2027 1453 2112 l

312 2112 521 2176 moranduml
550 2113 742 2194 asserebant,
771 2133 808 2177 eo
860 2111 925 2176 uod
953 2051 1135 2177 addloscens
1162 2113 1243 2176 tanti
1262 2112 1403 2199 principis
1452 2157 1453 2160 ,

311 2195 480 2284 prudentia
502 2195 595 2260 simul
617 2205 647 2261 et
669 2197 785 2261 virtute
807 2134 971 2261 indormari
999 2196 1171 2282 indigeret;
1202 2197 1264 2261 sibi
1289 2218 1402 2283 quoque

310 2280 479 2346 utillimum
504 2281 582 2364 fieri,
610 2281 637 2344 si
665 2281 802 2367 potentis
832 2281 1033 2368 dispositioni
1058 2279 1099 2344 ad
1128 2289 1253 2367 tempus
1281 2279 1403 2358 eederet,
1452 2323 1453 2364 ,

311 2387 383 2430 oum
416 2367 483 2430 sine
516 2387 553 2430 eo
585 2387 645 2429 neo
676 2365 830 2449 regnandi
866 2365 1040 2450 potentiam
1071 2364 1188 2430 habere
1220 2387 1262 2428 ex
1292 2365 1402 2448 integro

311 2460 427 2534 posset,
451 2459 482 2514 et
503 2472 561 2596 ppt
583 2471 653 2512 eum
677 2460 803 2514 strenue
817 2458 912 2547 atque
927 2447 1045 2514 utiliter
1066 2450 1171 2514 omnia
1190 2445 1402 2512 administrarii
1452 2511 1453 2514 ,

311 2532 461 2598 valerent.
535 2556 585 2612 ex,
607 2533 750 2618 partibus
772 2532 898 2613 auditis,
921 2534 1107 2598 sententiam
1129 2531 1258 2598 distulit.
1294 2530 1402 2596 Collato
1452 2553 1453 2612 r

311 2639 386 2681 vero
409 2638 482 2680 cum
505 2616 584 2680 duce
607 2615 748 2698 oonsilio,
771 2618 800 2682 ei
821 2615 937 2681 abinde
959 2626 1025 2681 tota
1042 2627 1147 2682 mente
1161 2617 1307 2682 addictus
1327 2614 1402 2678 favit.
1452 2621 1453 2698 l

342 2771 371 2836 2.
409 2769 739 2871 Oratio¹flLudovioil
761 2773 847 2859 apud
868 2773 982 2838 ducem
1005 2774 1212 2872 ceterosquek
1233 2775 1375 2860 primates
1452 2809 1453 2872 ,

542 2857 595 2918 ml
617 2855 852 2923 Adalberonem
875 2856 1181 2944 metropohtanumk.

394 2957 492 3043 Apud
520 2979 613 3056 quem
641 2957 782 3045 aliosque
812 2981 907 3045 quam
938 2981 1074 3045 paucos,
1103 2961 1323 3046 preteritorum
1349 2979 1402 3022 non

311 3042 476 3123 inmemor,
506 3062 552 3105 ero
578 3053 769 3142 conquestus
798 3053 861 3108 est:
899 3045 1002 3109 ‘Pater
1030 3066 1120 3108 meus
1141 3045 1175 3107 in
1196 3045 1401 3130 egritudinem,

312 3145 375 3210 qua
404 3133 435 3189 et
460 3127 565 3224 periit,
594 3127 758 3207 decidens,
787 3128 865 3192 mihi
893 3129 1052 3214 precepit,
1080 3138 1116 3193 ut
1143 3138 1248 3193 vestro
1277 3125 1400 3204 oonsilio,

310 3218 416 3273 uestra
436 3209 642 3296 dispositione
664 3213 754 3297 regni
775 3213 1029 3297 procurationem
1046 3210 1208 3295 haberem3
1230 3225 1304 3278 vos¹
1321 3211 1402 3276 etiam

311 3292 380 3357 loeo
408 3291 566 3370 affinium,
600 3294 670 3360 loco
700 3297 889 3360 amicorum¹
917 3295 1066 3360 ducerem
1100 3296 1239 3383 nihilque
1273 3292 1402 3383 precipui

310 3386 416 3463 preter
443 3388 581 3443 vestram
611 3381 774 3444 scientiam
803 3377 954 3444 adorirer.
1007 3380 1042 3445 Si
1070 3390 1176 3444 vestra
1200 3380 1263 3445 fide
1289 3379 1401 3468 potirer,

311 3463 379 3526 sine
401 3461 497 3526 dubio
521 3463 657 3546 divitias,
686 3465 855 3543 exercitus,
884 3464 1080 3529 munimenta
1100 3464 1200 3550 regni,
1228 3464 1402 3540 asserebat⁰,

310 3567 361 3609 me
383 3545 574 3610 habiturum.
619 3547 710 3627 Quae
733 3569 821 3613 mens
843 3549 877 3610 in
898 3570 949 3612 me
972 3549 1110 3612 maxime
1132 3547 1255 3613 valetm.
1288 3546 1402 3611 Placeat

310 3629 417 3714 itaque
439 3628 604 3694 consilium
626 3633 826 3716 profuturum
848 3631 934 3714 dare,
957 3653 1030 3696 oum
1052 3654 1072 3695 a
1085 3632 1176 3697 vobis
1191 3633 1342 3720 proposui
1360 3649 1402 3693 me

310 3733 374 3775 uon
397 3711 640 3780 discessurumss.
683 3716 721 3778 [n
735 3713 827 3780 vobis
842 3717 926 3780 enim
941 3737 1048 3779 meum
1069 3714 1243 3798 consilium,
1266 3717 1401 3792 animum,

310 3795 451 3859 fortunas
473 3797 548 3860 sitas
570 3819 638 3861 esse
658 3797 753 3862 volui.
796 3799 957 3864 Adalbero
972 3799 1142 3864 Remorum
1158 3799 1402 3886 metropolitanus

369 3991 392 4046 a)
409 3995 473 4035 abest
474 4021 562 4038 ......
584 3997 708 4038 stadiorum
731 4001 750 4039 1.
833 3998 857 4050 b)
878 4001 935 4039 lineo
956 4011 1025 4039 uacua
1046 4001 1119 4040 relicta
1137 4002 1220 4050 peruia·
1243 4001 1260 4041 1.
1284 4002 1299 4040 l.
1321 3998 1364 4038 1111
1383 3994 1402 4032 ia

219 4060 220 4063 ’
309 4054 420 4103 asperiore
435 4056 530 4104 maraine
544 4057 606 4105 alyne
622 4059 719 4106 opposito
735 4059 843 4108 scriptam.
899 4057 919 4109 c)
935 4064 983 4108 post
998 4059 1050 4100 aaa.
1104 4057 1127 4110 d)
1144 4059 1177 4100 St.
1196 4081 1221 4091 -
1238 4061 1291 4100 dict.
1307 4059 1329 4097 tn
1343 4065 1400 4102 maro.

311 4111 332 4162 e)
350 4114 394 4164 cul,
411 4114 447 4152 dlo
463 4114 518 4155 absc.
584 4113 712 4166 nouarum
728 4119 819 4158 urbium
835 4118 883 4159 add.
901 4120 920 4157 1.
989 4116 1012 4169 g)
1027 4119 1059 4158 ita
1074 4130 1091 4158 c.
1167 4116 1191 4169 h)
1207 4120 1295 4160 immor.
1310 4123 1401 4166 asperser-

311 4181 367 4210 com.
423 4171 544 4224 pamm
562 4175 579 4216 1.
637 4173 661 4226 k)
678 4176 717 4228 Or,
732 4177 762 4227 vl,
779 4181 821 4227 cet,
842 4177 912 4226 1n,m
929 4177 983 4217 abac.
1042 4177 1058 4230 1)
1074 4182 1223 4227 cognatorum
1241 4180 1259 4218 1.
1310 4175 1339 4226 m)
1353 4181 1401 4213 sem·

310 4239 397 4278 perque
413 4231 466 4270 dum
481 4233 505 4272 ln
520 4233 568 4272 ulta
583 4233 648 4274 fuero
664 4235 806 4284 potlsrlmum
822 4236 909 4283 vigebit
924 4237 972 4277 add.
990 4239 1009 4278 1.
1084 4236 1108 4288 n)
1123 4238 1172 4276 tore
1187 4237 1237 4277 odd.
1255 4239 1274 4277 1.

385 4357 412 4426 1)
432 4378 476 4413 voa
497 4390 530 4400 —
550 4364 671 4417 ducerem
691 4367 789 4418 etalio
809 4367 919 4420 Sallusti
937 4375 998 4421 sunt
1016 4370 1105 4435 verba,
1125 4371 1184 4436 Iug.
1206 4384 1229 4420 c.
1252 4369 1290 4420 14.
