2936 5010
6 393 8 476 ,

277 410 430 464 RIOHERI
449 409 701 464 HISTORIARUM
720 409 831 462 LIBER
850 409 917 462 1111.
1099 411 1150 462 169

51 575 212 659 Italicam¹,
228 598 265 642 eo
281 576 366 663 quod
381 599 460 641 anus
476 586 568 659 esset,
585 576 669 641 facto
686 576 821 640 divortio
835 575 1024 662 repudiavit.
1062 579 1152 659 Quae
1162 591 1213 634 ⁹⁹2

51 660 223 746 repudiata,
255 683 327 725 cum
354 681 392 725 ea
419 683 500 746 quae
528 684 570 726 ex
597 660 671 725 dote
696 669 864 758 acceperat
888 671 1032 747 repetere
1058 660 1152 727 vellet

7 802 11 813 .
51 766 104 808 nec
130 746 158 810 ei
185 768 243 810 rex
270 745 506 830 adquiesceret,
532 743 682 808 aliorsum
710 765 852 807 smmum
880 747 1071 810 transvertit.
1121 746 1153 810 A

7 815 11 868 l

7 871 8 889 l

7 955 9 983 l

50 850 107 974 qiua
126 830 218 893 etiam
241 829 292 894 die
315 851 374 893 sua
396 815 652 926 quaerens,'regi
672 827 804 892 insidias
826 827 1024 893 moliebatur.
1068 829 1152 894 Nam

80 912 300 976 onasteriolum
322 921 477 996 castrum,
509 913 594 998 quod
620 935 654 974 1n
682 911 755 976 dote
785 921 967 997 acceperat,
995 912 1038 975 ad
1059 933 1152 976 suum

50 995 92 1058 ius
114 996 278 1061 refundere
301 997 444 1082 cupiens,
467 1019 540 1060 cum
561 995 595 1060 id
609 994 736 1061 efficere
750 1017 813 1093 pon
830 1005 947 1094 posset,
970 1016 1063 1059 secus
1077 1018 1150 1061 eum

7 1072 8 1144 ἐ
50 1077 127 1142 aliud
146 1082 275 1144 nomine
298 1128 429 1145 .......
438 1089 451 1122 ⁸
473 1080 630 1162 extruxit3
652 1101 728 1163 rege
749 1089 875 1144 rntenm
891 1089 1043 1228 occupato
1066 1081 1152 1144 circa

51 1162 162 1228 Odonis
177 1174 209 1228 et
222 1163 373 1228 Falconis
387 1165 538 1229 facinora.
575 1163 628 1227 Ex
643 1164 734 1227 cuius
748 1164 921 1228 munitione
940 1186 975 1227 ar
998 1163 1153 1228 itrabatur

7 1261 8 1328 ᾗ
48 1268 132 1330 posse
154 1270 280 1312 ornnem
307 1249 437 1313 navium
463 1247 736 1312 convectationem
762 1248 938 1333 prohiberi,
967 1270 1040 1312 cum
1067 1245 1151 1311 sibil

49 1330 254 1480 pppiqnientesl
266 1354 334 1480 sesto
349 1334 437 1418 prius
453 1331 609 1413 offerrent,
633 1331 717 1396 unde
732 1341 764 1395 et
778 1333 823 1396 eis
838 1332 1005 1396 transitum
1021 1331 1154 1395 ulterius

8 1453 9 1458 κ
129 1439 180 1482 ere
201 1438 242 1482 va
255 1439 330 1481 ere.

8 1733 9 1736 ’
49 1721 174 1803 purioris
188 1721 287 1804 fuere,
310 1724 405 1788 satis⁰
420 1721 613 1786 laceratume
635 1743 672 1785 eo
688 1732 830 1808 tempore

342 1537 391 1602 88.
434 1535 669 1622 Reprehensioc
690 1535 817 1620 repudii
825 1548 846 1599 ⁰.

120 1638 227 1702 Huius
262 1638 388 1724 repudii
422 1637 524 1702 scelus
559 1638 599 1701 ad
634 1635 808 1718 nonnullis,
860 1639 893 1701 ui
925 1636 1152 1723 intelligentiae

838 1661 918 1803 lut,
941 1721 1023 1786 clam
1043 1731 1151 1787 tamen

8 1829 9 1887 p
49 1825 98 1868 nec
118 1807 240 1892 patenti
261 1805 489 1892 refragratione
512 1802 682 1891 culpatum.

318 1963 367 2028 89.
411 1962 570 2028 Sinodusf
590 1961 727 2028 Chelaef
745 1962 862 2028 habita.

120 2064 228 2128 Huius
247 2074 311 2128 tem
337 2066 399 2128 oris
416 2065 529 2129 diebus
545 2087 617 2130 cum
633 2088 652 2129 a
666 2087 753 2211 papa
764 2065 908 2129 Romano
920 2065 1151 2129 Benedicta-²

8 2143 9 2205 ἶ
49 2143 198 2212 abdicatio
221 2151 290 2211 Arn
324 2148 345 2211 fi
374 2159 406 2213 et
427 2151 584 2234 promotio
607 2147 673 2212 Ger
697 2150 756 2212 erti
776 2147 921 2232 plurimis
943 2147 1149 2232 epistolarum

49 2232 164 2317 scriptis
176 2233 452 2314 calumniarentur,
464 2233 743 2331 episcopiquoque
754 2233 800 2295 rei
811 2231 993 2294 huiusmodi
1002 2242 1148 2295 auctores

49 2314 194 2402 simulque
216 2327 249 2381 et
269 2316 323 2381 alii
345 2327 565 2414 cooperatores
581 2316 714 2380 diversis
728 2315 1027 2400 reprehensionibus
1042 2314 1148 2378 redar-

48 2411 221 2483 guerentur,
251 2400 370 2486 placuit
398 2401 558 2485 episcopis
582 2398 704 2464 Galliae
732 2400 765 2462 in
795 2421 893 2462 unum
921 2399 1090 2463 convenire
1117 2408 1148 2463 et

6 2499 10 2592 p
47 2502 130 2566 super
152 2484 213 2548 hac
234 2483 476 2570 reprehensione
499 2482 671 2548 consulere.
721 2483 845 2564 Quibus
868 2481 1007 2548 Chelae³
1037 2481 1212 2557 culleo-11⁸1,

5 2819 9 2896 l

5 2985 8 3035 l

46 2565 90 2648 tis,
129 2568 261 2632 sinodus
303 2568 411 2633 habita
451 2579 509 2633 est.
579 2567 640 2633 Oui
681 2567 851 2633 Rotbertus
895 2590 953 2632 rex
995 2565 1145 2654 presedit,

46 2651 273 2718 considentibus
305 2651 572 2738 metropolitanis,
606 2652 762 2717 Gerberto
794 2651 958 2734 Remensi,
995 2653 1048 2715 cui
1079 2661 1146 2715 tota

47 2733 227 2800 sinodalium
250 2758 416 2800 causarum
432 2737 512 2800 ratio
528 2736 727 2802 discutienda
742 2737 910 2800 commissa
924 2735 993 2817 fuit,
1010 2735 1144 2820 Signino

47 2837 162 2906 quoque
185 2820 378 2902 Senonensi,
401 2819 632 2885 Erchembaldo
654 2821 831 2902 TuronicO,
853 2820 1008 2884 Daiberto
1030 2820 1146 2884 Bituri-

47 2907 119 2969 censi
153 2903 289 2990 aliisque
316 2904 430 2968 horum
459 2903 775 2990 comprovintialibus
801 2902 968 2968 nonnullis.
1018 2904 1057 2967 In
1085 2924 1148 2990 qua

45 2998 205 3074 postquam
227 3011 269 3054 ex
313 2999 416 3052 atrum
438 2989 732 3053 decretisrationes
755 2989 794 3052 de
817 2997 901 3052 statu
924 2995 1052 3051 sanctae
1074 3008 1145 3052 aec·

46 3066 146 3137 clasiae
168 3011 422 3158 promulgarunt,
443 3073 525 3136 inter
546 3071 697 3136 nonnulla
719 3071 808 3135 utilia
829 3073 979 3134 constitui
1001 3082 1032 3134 et
1053 3071 1145 3136 robo-

4 3175 8 3243 Ι
45 3156 96 3217 rari
115 3155 247 3242 placuit,
269 3167 305 3221 ut
325 3156 366 3221 ab
389 3179 427 3220 ea
449 3155 500 3220 die
521 3155 607 3219 idem
626 3157 787 3236 sentirent,
810 3154 895 3218 idem
910 3153 1037 3236 vellent,
1058 3154 1144 3219 idem
1154 3179 1205 3222 set.
1216 3179 1238 3233 4,
1247 3179 1284 3222 sa

45 3250 297 3324 cooperarentur,
327 3239 502 3306 secundum
524 3239 558 3303 id
588 3239 674 3325 quod
702 3240 939 3385 scriptumest:
984 3237 1072 3302 ‘Erat
1098 3239 1144 3302 eis

45 3338 90 3384 cor
108 3345 208 3388 unum
229 3335 261 3389 et
282 3325 388 3388 anima
410 3327 490 3388 una'.
533 3323 676 3387 Decerni
697 3333 728 3387 et
742 3321 820 3386 ilud
837 3322 975 3403 voluere,
998 3333 1042 3403 ut,
1066 3321 1093 3384 si
1111 3323 1144 3385 in

45 3405 175 3486 qualibet
195 3410 351 3472 aecclesia
395 3429 593 3493 uaecumque
615 3407 746 3471 tirannis
769 3415 952 3505 emergeret,
979 3427 1058 3491 quae
1081 3403 1143 3469 telo

44 3490 242 3556 anathematis
274 3431 435 3558 feriendah
468 3491 644 3573 videretur,
680 3491 714 3555 id
745 3492 890 3576 inprimrs
923 3488 963 3554 ab
997 3487 1143 3553 omnibus

44 3575 267 3668 consulendum
293 3585 325 3640 et
353 3577 398 3640 sic
426 3577 588 3641 communi
616 3575 743 3640 decreto
772 3573 966 3661 agitandum.
1016 3574 1060 3638 Et
1089 3574 1145 3658 qui

43 3657 232 3725 anathemate
262 3658 426 3723 relaxandi
457 3659 591 3742 forensi,
631 3658 758 3724 decreto
791 3659 951 3723 communi
979 3657 1211 3724 similitereros.
1220 3676 1241 3728 4,
1251 3675 1289 3719 ιθ,

43 3736 232 3826 relaxandos,
254 3744 345 3808 iuxta
367 3743 453 3830 quod
474 3744 629 3830 seriptum
651 3753 711 3808 est:
749 3742 936 3809 ‘Consilium
958 3765 977 3808 a
999 3744 1262 3830 sapiente·r01.sa

43 3826 196 3912 perquire’.
231 3826 376 3893 *Placuit
396 3849 523 3914 quoque
545 3828 690 3910 sanciril,
714 3829 741 3892 si
764 3827 841 3914 quid
859 3851 878 3893 a
899 3850 985 3914 papa
998 3828 1143 3892 Romano

93 4014 114 4068 a)
130 4019 188 4058 loeus
202 4028 283 4058 vacum
297 4019 390 4059 relictus.
450 4017 474 4070 b)
491 4029 510 4061 c.
522 4019 586 4071 prius
602 4019 776 4060 advenientibus
785 4030 802 4059 s.
812 4019 903 4059 offerret
910 4021 960 4060 etl.
1023 4016 1044 4070 c)
1059 4018 1100 4070 Re,
1117 4027 1142 4057 re

44 4069 91 4114 atre.
149 4076 172 4128 d)
189 4087 219 4116 an
234 4089 256 4117 n.
272 4089 289 4119 c.
352 4076 373 4129 e)
386 4079 495 4128 postadd.
555 4077 624 4131 osi,
641 4078 754 4120 Chsabsc.
815 4075 839 4129 g)
855 4079 882 4118 B.
898 4088 915 4117 r.
975 4073 999 4128 h)
1016 4076 1142 4125 iurulentia

43 4137 138 4178 superer,
153 4137 264 4177 tenenda.
325 4135 343 4188 t)
359 4141 413 4177 sunt
428 4139 448 4177 1.
509 4135 533 4188 k)
550 4149 568 4180 r.
584 4141 610 4178 ut
626 4140 645 4177 l.

108 4232 135 4301 1)
153 4235 250 4286 Filiam
268 4237 425 4302 Berengsrii
444 4237 482 4289 11.
510 4237 595 4300 regis3
615 4253 641 4286 v.
662 4236 695 4288 V.
715 4233 841 4298 Bertulfi,
861 4236 947 4300 Bouq.
966 4234 1004 4297 X,
1023 4251 1050 4300 p.
1070 4234 1139 4297 3655

44 4299 100 4357 (len.
121 4323 187 4360 com.
200 4310 320 4374 Flandr,
340 4310 388 4361 SS·
407 4311 454 4374 IX,
474 4327 500 4376 p.
520 4309 582 4359 ³06.
658 4310 684 4375 2)
704 4308 822 4360 Iohanne
836 4309 912 4370 xv1;
931 4323 991 4358 nem
1005 4307 1139 4359 Benedic-

42 4375 77 4426 tus
93 4380 151 4435 VII.
171 4398 195 4433 a.
215 4382 277 4434 983.
297 4385 408 4435 obierat.
484 4379 514 4450 3)
534 4381 650 4434 chelles.
