2938 5016
297 412 331 464 28
560 409 714 464 RICHERI
733 409 986 462 HISTORIARUM
1005 409 1116 461 LIBER
1134 411 1158 463 1.

235 597 369 644 orarum
392 577 613 643 collectorum³
635 599 796 659 numerus,
821 585 857 640 ut
877 575 983 654 fertur,
1007 577 1063 641 vix
1084 576 1266 642 indecem*
1287 575 1399 642 milibus
1456 629 1457 632 ,

298 661 479 749 putabatur.
523 661 567 726 Et
596 670 713 744 tamen,
745 661 780 724 in
812 669 966 746 quantum
997 662 1139 746 perspici
1171 660 1280 744 valuit,
1310 659 1398 726 nullus
1456 680 1457 688 ¹

299 745 450 811 militiaeb
476 746 603 830 ineptus
625 745 783 810 admissus
806 754 862 810 est.
907 743 1028 810 Omnes
1056 765 1188 830 corpore
1214 744 1353 809 valentes
1375 753 1399 809 et

299 852 364 894 non
401 830 520 894 inertes
558 851 705 915 pugnae3
750 849 922 913 omnesque
956 829 990 891 in
1022 829 1182 893 tirannum
1217 830 1397 894 unanimest

300 913 361 977 His
376 936 434 978 rex
450 915 690 998 circmnseptus,
712 913 792 997 per(¹
808 911 1045 978 Oondruoium¹
1061 912 1327 1000 Hasbaniumque
1360 933 1398 976 ro-

301 997 386 1062 cedit
417 999 455 1061 in.
482 996 614 1062 hostem.
664 995 885 1081 Ereptumque
917 1017 1051 1082 regnum
1083 998 1272 1095 irrumpens,
1306 935 1398 1062 sedem

299 1083 421 1166 regiam
442 1080 625 1146 Atiniacum
647 1079 773 1165 pridem
796 1102 886 1144 suam
907 1080 1093 1166 ingreditur.
1136 1080 1252 1166 Ib1que
1274 1079 1399 1167 aliquan·
1452 1103 1457 1108 ¹

299 1167 400 1251 tisper
420 1174 567 1250 reparato
590 1165 740 1246 exercitu,
763 1164 796 1226 in
818 1163 1036 1228 adversarium
1057 1163 1198 1228 fertur*'.
1452 1237 1453 1240 Ἴ

187 1258 228 1299 ¹⁰1·
247 1257 291 1302 11'·
384 1249 434 1313 45.
480 1249 614 1312 *Faetus
641 1269 716 1311 vero
744 1248 869 1312 tiranno
896 1249 1037 1333 propior,
1065 1249 1241 1312 exercitum
1274 1248 1315 1314 ad
1341 1269 1399 1312 con·
1453 1271 1454 1274 ¹

185 1354 237 1396 run.
255 1354 444 1418 ingressum
484 1331 624 1413 ordinat,
669 1330 752 1396 6000
794 1331 998 1396 robustorum
1040 1333 1235 1416 premittens.
1288 1331 1400 1412 Quibus
1456 1355 1457 1360 ¹

299 1418 395 1481 etiam
411 1418 516 1481 virum
534 1413 749 1480 considereme
766 1417 894 1479 nomine
909 1415 1096 1480 Fulbertum
1111 1415 1226 1480 ducem
1242 1416 1398 1480 constiutit.
1456 1492 1457 1498 ἵ

300 1499 342 1565 Se
364 1501 471 1598 ipsum
497 1521 572 1566 vero
596 1499 781 1585 quatuor***
803 1499 932 1563 milibus
960 1501 1205 1584 circumseptum
1233 1499 1400 1564 labentibus

321 1586 410 1648 rim1s
434 1584 663 1648 subventurum
685 1583 826 1668 deputat.
869 1584 1044 1668 Postquam
1066 1593 1171 1648 autem
1193 1605 1252 1668 per
1273 1581 1400 1668 singulas

297 1606 439 1752 legiones
468 1667 648 1731 discurrens
675 1668 845 1753 precipuos
873 1669 1035 1766 quosque*
1062 1667 1196 1731 multum
1224 1667 1342 1765 diuque
1366 1664 1399 1729 ad
1452 1663 1457 1746 ,³

298 1753 365 1817 vim
387 1750 462 1814 belli
477 1751 619 1815 hortatus
634 1759 690 1826 est,
713 1752 883 1816 instructos
899 1751 1025 1815 ordines
1046 1750 1190 1836 plurimis
1212 1749 1399 1816 suasionibus
1451 1765 1453 1828 ,³

299 1834 444 1916 incitans,
467 1834 509 1897 ad
523 1833 629 1898 locum
643 1834 699 1898 ubi
715 1835 987 1919 congrediendum
1002 1843 1070 1899 erat
1084 1834 1223 1899 deducit.
1262 1835 1399 1899 Axonam
1451 1835 1457 1902 J¹

298 1939 375 1983 vero
390 1917 522 1982 fluvium
542 1928 751 1999 transmeans,
773 1917 815 1982 ad
834 1917 947 1983 urbem
964 1918 1187 1984 suessonicam
1208 1919 1319 1983 tendit.
1358 1916 1400 1981 Ibi
1451 1933 1453 1994 j

299 2003 416 2066 etenim
430 2003 573 2065 tirannus
589 2003 696 2087 copias
713 2000 891 2086 collegerat.
936 2001 1036 2067 Cuius
1052 2025 1114 2088 quo
1138 2024 1177 2067 ue
1200 2003 1355 2068 exercitus
1373 2001 1399 2064 in
1456 2025 1457 2032 ¹

299 2085 404 2152 20000
432 2085 631 2150 consistebat.
678 2083 760 2150 Cum
786 2107 862 2169 ergo
887 2085 1026 2151 Karolus
1051 2025 1217 2151 requmllo
1241 2086 1400 2186 prudentia
1456 2114 1457 2176 j

298 2169 503 2252 intenderetl,
532 2170 755 2268 episcoporum
782 2171 951 2234 instinctua
974 2169 1171 2269 aliorumque
1192 2169 1399 2255 religiosorum
1456 2197 1457 2200 ¹

297 2256 438 2319 virorum
461 2255 515 2339 qui
538 2252 598 2318 sibi
621 2252 812 2318 assistebant
833 2263 940 2318 actum
962 2263 1039 2334 estss,
1067 2263 1191 2340 ut1pse
1213 2276 1273 2318 rex
1294 2253 1399 2318 bellrm

297 2361 361 2402 non
382 2338 609 2422 ingrederetur,
631 2337 772 2402 nescite
794 2339 827 2400 in
848 2361 954 2402 rerum
976 2336 1159 2402 confusione
1180 2337 1295 2424 regalis
1318 2339 1399 2422 stirps

299 2444 336 2486 eo
351 2421 440 2507 lapso
457 2431 700 2486 consumeretur.
743 2420 783 2484 Id
805 2423 900 2486 etiam
923 2422 1019 2486 duces
1042 2431 1073 2486 et
1094 2422 1209 2486 milites
1233 2429 1399 2506 coegenmt.
1456 2423 1457 2456 ³

298 2505 351 2570 Ab
381 2505 528 2568 omnibus
556 2526 632 2588 ergo
661 2514 802 2586 coactus,
837 2509 1004 2591 quatuor††
1032 2505 1170 2588 milibus,
1199 2505 1316 2591 quibus
1341 2507 1399 2590 ipse

299 2590 528 2672 circumseptus
549 2587 726 2669 incedebat,
747 2590 851 2653 virum
873 2589 1090 2654 consularemh
1108 2589 1321 2674 Hagraldumi
1341 2610 1399 2688 pre·
1456 2599 1457 2608 ’

298 2672 372 2736 ficit.
416 2670 571 2735 Hortatur
601 2693 677 2735 vero
710 2670 892 2756 plurimum,
925 2683 960 2738 ut
991 2673 1076 2737 Deil
1102 2683 1225 2738 tantum
1258 2674 1399 2739 auxilium
1456 2681 1457 2707 ¹

298 2753 482 2840 implorent3
505 2752 583 2818 nihil
598 2755 644 2818 eis
659 2757 874 2839 metuendum,
896 2756 975 2820 nihil
990 2757 1030 2821 de
1045 2759 1177 2822 victoria
1193 2757 1399 2834 diffidendum,
1456 2777 1457 2792 ¹

298 2860 488 2902 memorans.
532 2838 635 2923 Regni
664 2843 882 2924 pervasorem¹
911 2863 1037 2927 quoque
1065 2842 1122 2905 vix
1153 2863 1217 2906 uno
1250 2849 1399 2906 momento
1452 2869 1457 2886 .

299 2922 495 3004 duraturum,
518 2921 694 2986 asserebat:
719 2922 829 3005 ‘Cum',
852 2925 1009 3010 inquiens,
1033 2925 1131 2990 ‘Deus
1153 2925 1333 2990 huiusmodi
1353 2924 1399 2988 ab·
1453 2925 1457 2982 s

297 3007 477 3071 hominetur
499 3016 530 3070 et
551 3007 638 3091 apud
661 3029 734 3070 eum
757 3007 861 3072 nullus
884 3009 1054 3095 superbiae
1075 3008 1162 3072 locus
1178 3011 1227 3092 sit,
1251 3007 1398 3095 quomodo

298 3089 404 3172 stabit,
427 3111 521 3175 quem
543 3092 612 3175 ipse
633 3112 698 3154 non
719 3091 844 3155 munit?
866 3093 1026 3178 quomodo
1048 3103 1200 3192 resurget,
1224 3115 1318 3179 quem
1339 3095 1399 3177 ipse
1454 3089 1457 3152 2³

296 3173 528 3260 precipitat'm?
570 3174 613 3238 Et
632 3184 706 3260 post
726 3173 805 3239 haec
826 3197 897 3240 cum
913 3177 1073 3262 episcopis
1092 3178 1232 3262 vinsque
1255 3176 1399 3261 religiosis

297 3259 352 3344 qui
374 3257 507 3323 aderant
533 3267 674 3323 montem
701 3257 771 3324 loco
800 3261 982 3346 oppositum
1011 3261 1204 3342 conscendit,
1232 3261 1287 3326 ubi
1314 3262 1398 3325 etiam

296 3351 344 3406 est
360 3341 493 3408 basilica
508 3343 620 3408 beatae
637 3342 818 3410 Genovefae
833 3344 966 3430 virginis
982 3344 1144 3428 dedicata3
1167 3355 1313 3411 eventum
1334 3339 1399 3409 belli
1456 3373 1457 3390 .

294 3426 370 3492 inde
385 3437 582 3513 experturus.
619 3427 744 3492 Interea
758 3429 891 3492 iunctim
905 3429 1050 3514 procedit
1064 3431 1221 3494 exercitus
1237 3439 1269 3494 et
1281 3449 1398 3514 magna·

369 3558 392 3626 *l
413 3564 530 3628 quinque
550 3578 616 3612 corr.
636 3563 684 3613 VI.
704 3579 771 3613 corr.
791 3564 825 3613 X.

356 3631 393 3698 **)
412 3635 534 3684 Axonam
553 3650 616 3685 vero
637 3635 745 3687 fluvium
765 3642 938 3701 transmeans,
958 3639 986 3688 in
1001 3638 1093 3689 urbem
1108 3639 1295 3690 suessonicam
1315 3634 1398 3688 tendit.

414 3707 457 3757 Ibi
477 3709 574 3757 etenim
594 3707 713 3758 tirannus
734 3711 878 3760 exercitum
900 3710 1047 3778 eollegerat
1066 3711 1117 3763 del.

344 3776 393 3842 aas,
414 3779 516 3830 duobus
535 3796 602 3830 corr.
623 3781 692 3832 IIII.

368 3849 392 3917 l)
413 3851 446 3903 de
472 3852 567 3903 militia
593 3859 619 3905 et
644 3854 732 3905 famae
756 3854 842 3921 gloria
871 3857 1041 3924 priorumque
1071 3857 1211 3910 nobilitate
1242 3863 1268 3910 et
1295 3855 1398 3906 liliorum

413 3925 528 3977 utilitate
548 3926 613 3991 del.;
634 3928 669 3978 ad
688 3929 742 3979 vim
762 3929 788 3980 b.
803 3934 867 3995 post
886 3929 951 3980 odd.

355 3995 393 4065 ll)
415 3998 517 4052 duobus
537 4017 603 4051 corr.
623 4001 692 4052 1111.

352 4105 374 4160 a)
388 4113 438 4158 post
454 4109 504 4148 add.
565 4108 588 4162 b)
606 4120 698 4160 pugnae
713 4123 770 4152 corr.
786 4113 890 4153 militiae.
943 4109 963 4164 e)
980 4112 1088 4153 Procedit
1103 4113 1182 4161 ltaque
1197 4123 1239 4154 rex
1255 4111 1292 4152 del.
1346 4106 1367 4158 d)
1381 4118 1399 4156 1³.
1456 4077 1457 4150 l

294 4166 318 4208 0.
335 4167 363 4207 H.
380 4179 402 4218 p.
419 4168 443 4207 in
459 4179 527 4218 marg.
603 4168 625 4221 e)
641 4181 664 4211 n.
680 4181 708 4211 o.·
722 4172 768 4214 cod.
842 4169 862 4222 t)
879 4181 897 4212 r.
919 4172 943 4210 in
964 4172 1081 4212 tirannum
1104 4175 1182 4212 rueret
1203 4183 1260 4212 corr.
1279 4173 1302 4208 ut
1323 4169 1397 4208 editam
1456 4199 1457 4210 .

292 4224 316 4276 g)
332 4226 376 4267 hoc
391 4228 430 4266 del.
490 4227 515 4278 h)
531 4239 553 4269 u.
570 4238 588 4269 c.
606 4229 651 4271 cod.
711 4227 728 4281 i)
745 4230 826 4270 ducam
842 4229 880 4271 del.
946 4227 971 4281 k)
987 4231 1057 4270 corda
1072 4231 1101 4271 sd
1116 4231 1192 4271 Deum
1209 4231 1299 4271 elevent
1314 4229 1399 4275 eiusque

292 4294 314 4322 a.
330 4295 387 4326 corr.
404 4290 427 4325 at
444 4285 529 4326 editum.
590 4285 753 4339 1)T1rannum
774 4300 831 4330 corr.
848 4289 875 4332 R.
892 4300 914 4338 p.
975 4288 1006 4342 m)
1023 4301 1070 4330 non
1094 4291 1163 4339 erigit
1185 4301 1242 4332 corr.
1264 4297 1298 4339 pr.

368 4378 395 4446 1)
417 4378 547 4431 Condroz.
1455 4343 1457 4438 l
