2936 5010
278 379 431 430 RICHERI
450 378 702 431 HISTORIARUM
720 380 832 431 LIBER
850 380 903 432 III.
1103 381 1154 432 tao

211 546 281 612 104.
323 547 375 612 De
396 548 554 633 repetitoa
575 545 741 612 Virdunoa
762 557 805 610 aa
825 547 986 613 Lethario.

130 648 319 714 Nuntiantur
339 648 419 714 haec
433 647 594 714 Lothario.
639 649 703 730 Qui
723 657 847 713 tantum
861 650 984 716 facinus
999 651 1153 716 accidisse
1164 677 1214 718 aas.

11 761 15 799 ³.
58 735 194 798 acenime
215 733 409 818 indignatus,
432 733 608 797 exercitum
629 732 796 797 dimissum
821 737 994 800 revocavit.
1038 735 1081 799 Et
1108 736 1154 800 sic

59 839 121 882 cum
142 817 242 882 10000
270 825 486 903 pugnatorum
509 815 689 881 Virdunum
710 819 802 903 petiit
830 827 925 904 atque
952 818 1152 884 adversarios

11 963 13 984 ,Ἴ
57 903 224 987 repentinus
246 923 415 987 aggressus
437 910 513 965 est1.
556 901 663 964 Primo
691 903 813 988 impetu
840 904 1015 988 sagittariib
1043 913 1154 968 contra

12 1033 14 1068 ÷
56 985 147 1050 hostes
164 985 300 1050 ordinati
315 993 397 1048 sunt.
439 985 620 1071 Missusque
637 986 771 1069 sagittae
787 995 819 1050 et
832 985 1062 1052 arcobalistae⁰
1078 1009 1153 1051 cum

58 1069 116 1133 aliis
134 1068 304 1134 missilibus
325 1078 391 1134 tam
413 1069 529 1133 densae
544 1069 577 1132 in
592 1091 663 1134 aere
678 1069 907 1152 discurrebant,
929 1080 964 1136 ut
978 1093 998 1134 a
1011 1071 1152 1136 nubibus

59 1151 141 1217 dilabi
164 1164 311 1240 terraque
340 1175 511 1238 exsurgere
532 1153 724 1218 viderentur.
768 1153 892 1218 Horum
921 1165 1032 1220 contra
1053 1156 1153 1241 impe-

57 1246 115 1300 tum
139 1237 330 1302 testudinem
356 1247 429 1302 ante
457 1258 491 1300 se
513 1245 545 1300 et
573 1257 669 1322 super
690 1239 795 1322 capita
823 1238 930 1302 hostes
951 1261 1042 1302 muro
1064 1249 1153 1325 apta-

58 1343 127 1385 vere.
182 1321 223 1384 ln
252 1343 348 1407 quam
379 1319 473 1385 relisa
501 1319 635 1384 missilia
676 1323 743 1385 ictu
771 1321 919 1387 frustrmo
952 1323 1152 1388 decidebant.

58 1403 119 1468 Hoc
143 1407 186 1468 im
212 1415 266 1470 etu
291 1403 384 1488 facto,
416 1403 520 1470 (ballid
545 1405 791 1491 circumquaque
820 1405 1019 1471 obsidionem
1048 1405 1152 1493 dispo-

58 1510 142 1554 suere.
184 1427 357 1574 lossisque
379 1490 549 1576 preruptis,
577 1488 825 1554 obfirmaverunt
846 1499 958 1572 castra,
987 1513 1037 1572 ne,
1063 1491 1090 1554 si
1112 1489 1153 1555 ad

14 1581 15 1586 ’
58 1573 187 1637 incautos
208 1573 383 1638 adversarii
404 1573 595 1660 prosilirent,
624 1593 787 1636 accessum
816 1573 941 1639 facilem
963 1575 1152 1639 invenirent.

154 1694 223 1760 105.
268 1692 483 1779 0000001110θ
507 1693 672 1756 cuiusdam
692 1693 877 1758 machinaee
899 1693 1042 1759 bellicae.

128 1795 271 1876 Quercus
315 1817 441 1861 roeeras
462 1794 615 1860 radicitus
636 1795 777 1859 succisas
799 1795 840 1859 ad
862 1795 1042 1861 machinam
1064 1794 1153 1860 belli·

59 1900 117 1942 cam
147 1818 356 1945 extruendam
387 1879 595 1944 advexerunt.
649 1879 703 1942 Ex
733 1879 849 1964 quibus
882 1889 1018 1966 quatuor
1048 1881 1153 1946 trabes

58 1963 235 2028 tricenorum
263 1965 385 2051 pedum
414 1972 591 2027 straverumt
618 1961 694 2044 solo,
724 1964 769 2027 ita
795 1972 831 2027 ut
858 1963 941 2028 duae
968 1965 1002 2028 in
1022 1963 1153 2050 longum

58 2049 202 2130 proiectae
224 2058 256 2112 et
276 2048 387 2112 decem
413 2046 533 2132 pedum
560 2046 724 2112 intervallo
747 2047 913 2112 distinctae
938 2048 1062 2113 duabus
1084 2046 1153 2112 01110

76 2154 104 2194 er
122 2142 334 2197 transversum
357 2132 469 2196 eodem
483 2131 648 2196 intervallo
667 2130 940 2217 superiacentibus
957 2132 1150 2196 cohererent.

13 2247 15 2294 t
58 2151 265 2301 longitudinis
287 2225 318 2279 et
338 2215 512 2280 latitudinis
534 2217 681 2302 spatium,
712 2215 798 2300 quod
823 2217 906 2278 intra
927 2217 1151 2280 commissuras

59 2319 151 2364 earum
178 2300 359 2382 tenebatur,
394 2300 505 2364 decem
538 2299 659 2386 pedum
688 2309 764 2362 erat.
815 2299 978 2384 Quicquid
1007 2300 1103 2362 etiam
1131 2321 1150 2362 a

14 2405 15 2438 1
59 2384 257 2448 commissuris
280 2397 370 2448 extra
391 2385 568 2470 proiectum
590 2393 666 2465 erat,
695 2381 791 2446 simili
811 2383 907 2446 modo
930 2382 1040 2447 decem
1061 2382 1150 2467 pedi·

13 2522 14 2528 ,
57 2464 106 2531 hus
126 2468 372 2533 distendebatur.
414 2469 454 2531 In
480 2467 593 2531 harum
619 2466 757 2530 trabium
779 2468 994 2530 commissuris
1017 2476 1151 2552 quatuor

13 2554 17 2630 i
59 2549 179 2616 sublicas
205 2553 482 2638 quadragenorum
508 2552 635 2637 pedum,
665 2550 818 2650 quadrato
849 2550 977 2636 quidem
1003 2560 1150 2633 scemate,

13 2685 14 2688 ,
60 2633 103 2698 sed
121 2658 263 2721 procero,
291 2657 393 2720 aequo
415 2637 518 2722 spatio
547 2657 567 2700 a
596 2658 629 2699 se
658 2635 818 2717 d1stantes,
848 2633 998 2699 adhibitis
1024 2633 1150 2700 trocleis

60 2730 221 2784 erexerunt.
265 2720 604 2807 Transposuenmtque
625 2719 676 2783 bis
696 2742 755 2805 per
777 2727 912 2805 quatuor
936 2718 1035 2784 latera
1055 2719 1151 2784 festu-

60 2821 101 2865 cas
120 2803 229 2870 decem
274 2803 379 2886 edum,
399 2807 433 2868 in
453 2805 559 2868 medio
582 2803 702 2867 sedicet
722 2813 754 2868 et
775 2805 809 2867 in
833 2826 967 2886 summo,
991 2825 1071 2890 quae
1090 2806 1176 2867 tra?

12 2886 14 2956 't
60 2883 156 2954 ductae
184 2826 322 2953 sublicas
349 2888 409 2954 sibi
433 2889 556 2953 fortiter
579 2896 790 2952 annecterent.
833 2887 864 2952 A
890 2910 928 2952 ca
952 2888 1049 2954 itibus
1075 2909 1151 2952 vero

13 2974 14 3033 i
60 2970 189 3054 trabium,
218 2971 334 3058 quibus
356 2971 495 3036 sublicae
516 2972 707 3054 nitebantur,
735 2981 871 3057 quatuor
891 2982 941 3036 tra
964 2995 997 3038 es
1018 2972 1152 3037 eductae

61 3063 84 3116 et
106 3078 183 3140 pene
212 3077 315 3142 usque
345 3055 388 3120 ad
414 3056 551 3121 festucas
581 3078 618 3119 su
643 3056 761 3120 eriores
791 3055 986 3141 obliquatae,
1019 3055 1150 3120 sublicis

13 3161 14 3221 j
60 3135 68 3195 i
123 3141 264 3222 ebantur,
289 3149 324 3204 ut
345 3141 391 3204 sic
412 3163 453 3206 ex
475 3141 520 3204 eis
541 3077 689 3204 macliina
710 3141 908 3205 extrinsecus
935 3139 1060 3204 firmata
1086 3161 1152 3204 non

12 3283 13 3290 ,
60 3157 200 3289 dtitbaret.
258 3223 363 3309 Super
393 3223 530 3288 festucas
562 3223 718 3311 quoquef,
750 3245 832 3309 quae
863 3224 898 3286 in
926 3223 1031 3286 medio
1058 3232 1090 3287 et
1117 3224 1151 3286 in

60 3323 164 3372 summo
178 3307 360 3371 machinam
375 3307 590 3390 conectebant,
612 3309 701 3394 tigna
716 3316 904 3372 straverunt.
948 3307 1040 3388 Quae
1055 3307 1150 3370 etiam

12 3455 13 3469 2
60 3391 180 3456 cratibus
208 3400 432 3474 contexerunt,
461 3413 558 3477 super
579 3413 658 3479 ques
680 3391 861 3456 dimicaturi
882 3400 999 3455 stantes
1022 3399 1054 3454 et
1074 3391 1150 3454 emi·

12 3488 13 3524 t
60 3475 200 3541 lentiores
227 3475 314 3556 facti,
347 3476 564 3541 *adversarios
596 3475 744 3540 deorsum
776 3473 888 3538 iaculis
921 3484 952 3539 et
988 3473 1197 3559 lapidibus·1›-
1214 3491 1264 3534 oso.

12 3527 15 3651 1
61 3553 219 3625 obruerent.
271 3561 365 3624 Hanc
391 3559 508 3625 molem
541 3569 719 3625 extructam
747 3559 789 3623 ad
814 3559 981 3623 stationem
1009 3558 1149 3622 hostium

12 3659 13 3726 t
60 3634 199 3710 deducere
225 3644 417 3729 cogitabant.
461 3645 526 3709 Sed
553 3646 629 3731 quia
657 3666 692 3707 sa
716 3643 838 3708 ittarios
868 3650 1032 3728 suspectos
1052 3641 1149 3706 habe-

59 3715 130 3806 bant,
150 3729 304 3793 rationem
326 3727 509 3815 querebant,
537 3749 600 3814 qua
620 3665 766 3792 hostduus
789 3728 856 3794 sine
879 3749 1009 3792 suorum
1029 3725 1149 3792 lesione

59 3813 320 3899 appropinquaret.
349 3812 492 3877 Tandem
506 3813 627 3876 ratione
643 3809 789 3876 subtilius
803 3820 1029 3898 perscrutante,
1045 3832 1149 3896 reper-

12 3823 16 3983 1
59 3895 115 3954 tum
135 3905 188 3978 est,
210 3917 282 3961 eam
302 3896 344 3962 ad
364 3896 470 3962 hostes
493 3897 613 3983 optima
633 3906 700 3962 arte
722 3895 849 3961 detrudi
869 3918 973 3982 posse.

107 4089 127 4142 a)
142 4094 175 4134 De
190 4107 208 4148 r,
218 4097 245 4146 V,
266 4107 281 4134 a
301 4095 357 4135 obss.
447 4093 471 4148 b)
487 4097 591 4144 negitent
613 4099 633 4138 1.
724 4095 744 4146 c)
762 4097 853 4137 archab.
872 4098 892 4138 1.
982 4092 1004 4145 d)
1024 4097 1074 4143 post
1097 4094 1149 4134 add.

61 4140 148 4203 00011,
163 4164 185 4193 m
199 4155 256 4194 abac.
331 4153 448 4205 Oeoorr.

63 4280 149 4406 deumlt)
166 4285 241 4338 Haec
260 4287 357 4338 dubiae
377 4286 440 4339 fidei
460 4303 527 4352 esse,
546 4287 676 4339 Wilmans
695 4286 713 4336 l.
732 4285 750 4337 1.
771 4291 797 4336 01
810 4285 893 4334 Witte
912 4303 938 4352 p.
959 4283 991 4333 51
1013 4301 1039 4336 n.
1060 4291 1149 4336 osten·
