2938 5016
279 381 432 435 monum
450 383 703 438 HISTORIARUM
722 385 833 440 LIBER
852 387 889 440 11.
1111 393 1146 444 49

9 527 10 530 ¹
85 550 146 614 19..
165 549 333 636 Impetus⁸¹
362 549 553 616 Gisleberti⁸
581 552 614 616 in
642 550 838 618 Germania²
864 556 996 642 eiusque
1024 568 1084 622 ac¹
1155 575 1205 621 aaa.

466 656 596 720 suorum
617 635 710 702 fusio.

108 736 155 802 At
170 732 387 808 Gislebertus¹
405 733 473 800 dux
489 736 654 802 dedecoris
669 739 816 804 iniuriam
831 739 933 806 ultum
947 743 992 808 ire
1003 742 1143 830 volens*,

31 843 154 885 omnem
169 819 337 905 Belgicam
351 818 465 886 lustrat
485 842 523 884 ac
547 822 666 887 tirones
681 821 870 888 lectissimos
884 826 918 888 in
932 848 1030 891 unum
1046 829 1143 927 cogit,

30 927 116 969 senes
138 912 265 968 tantum
287 904 435 969 emeritos
457 906 579 991 patriae
600 904 755 994 linquens.
804 909 969 1008 Factoque
991 921 1142 995 exercitu,

29 988 174 1052 Rhenum
196 996 369 1052 transmeat
390 1009 428 1052 ac
450 989 588 1075 patriam
603 989 763 1056 solotenus
783 990 939 1056 incendiis
960 995 1142 1080 ingentibus

29 1082 140 1137 vastat.
191 1071 419 1149 Armentorum
453 1074 549 1138 etiam
581 1073 806 1161 pecudumque
842 1075 976 1161 predam
1011 1078 1144 1144 nimiam

30 1157 208 1221 exercitusb
231 1165 404 1242 congregat
425 1155 628 1243 abducitque.
674 1159 744 1223 Iam
766 1180 843 1224 vero
872 1158 991 1225 flumen
1019 1162 1144 1248 ingredi

29 1239 171 1324 parabat,
194 1243 306 1304 cum**
330 1240 406 1306 Otto
429 1241 606 1306 exercitum
628 1241 879 1308 accelerantibus
897 1244 1034 1310 induxit.
1071 1244 1142 1310 Bel-

28 1325 139 1408 gici***
152 1325 336 1408 renitentes,
348 1346 420 1388 cum
430 1324 600 1390 Germanis
612 1347 703 1392 secus
713 1325 865 1392 fluvium*
887 1330 1051 1414 congressi
1070 1338 1143 1395 sunt

29 1419 120 1494 atque
129 1411 156 1452 ii
178 1409 212 1472 in
234 1418 324 1494 parte
339 1418 474 1496 utraque
488 1410 623 1474 nimium
637 1409 709 1475 tirsi.
754 1410 826 1492 Qua
841 1411 892 1476 die
908 1409 1142 1478 Germanorum

29 1493 161 1558 victoria
183 1514 279 1576 aegre
301 1501 475 1558 sustentata
495 1503 552 1577 est,
582 1504 633 1559 et⁰
660 1493 735 1560 licet
761 1494 1046 1562 innumerabilibus
1068 1519 1141 1562 suo-

29 1599 94 1640 rum
113 1577 280 1658 stratisffi,
298 1586 406 1641 tamen
424 1578 545 1644 enituit.
582 1578 697 1644 Naar*
710 1577 911 1645 Gislebertus
928 1580 996 1645 dux
1011 1603 1142 1646 suorum

28 1659 148 1725 fusione
172 1661 351 1725 exercitum
374 1659 529 1726 defecisse
558 1664 736 1745 advertens,
766 1663 844 1750 fuga
871 1663 1048 1750 periculum
1070 1688 1142 1732 eva-

29 1743 98 1810 dere
121 1744 292 1810 nitebatur.
321 1745 360 1808 In
381 1737 536 1810 fluentum
558 1746 666 1832 itaque
689 1769 763 1811 curn
784 1769 867 1834 equo
889 1748 1013 1834 prosilit
1021 1761 1042 1812 ².
1077 1751 1142 1832 Qui

29 1851 97 1892 cum
119 1829 261 1892 fluminis
282 1827 416 1914 pelagus
439 1839 567 1894 enatare
588 1852 654 1895 non
675 1841 792 1916 posset,
814 1831 847 1896 vi
866 1833 1022 1898 undarum
1037 1836 1142 1899 victus

29 1915 140 1996 periitd
173 1923 271 1999 atque
303 1935 460 1978 sessorem
492 1915 644 1978 inmersit.
699 1913 953 2000 *Belgicorum*†
983 1939 1059 1982 vero
1087 1917 1208 1983 alii'i01·
1226 1928 1263 1970 1⁸·

29 1997 121 2062 fluvio
143 1997 298 2077 enecati0,
320 1995 375 2060 alii
396 1995 479 2061 ferro
501 2000 594 2080 caesi,
616 1997 670 2062 alii
693 2019 730 2062 ca
755 2000 788 2080 ti,
809 1999 951 2065 nonnulli
973 2024 1049 2067 vero
1069 2025 1142 2088 pro-

29 2080 112 2165 fugio
141 2080 263 2167 ereptis
290 2089 371 2145 sunt.
421 2081 605 2147 Ludovicus
634 2104 693 2146 rex
720 2021 937 2148 dislebertum
964 2086 1141 2150 extinctum

30 2167 237 2252 comperiens,
264 2163 396 2230 multam
418 2165 452 2228 in
474 2166 541 2230 eius
572 2187 650 2230 casu
679 2168 987 2232 commiserationem
1017 2167 1139 2234 habuit.

29 2248 130 2336 Atque
145 2251 181 2313 in
191 2247 358 2334 Belgicam
372 2249 542 2335 profectus,
559 2251 626 2336 eius
640 2272 774 2315 uxorem
789 2249 997 2336 Gerbergam,
1014 2252 1141 2316 Ottonis

29 2356 177 2415 sororem,
212 2334 359 2420 coniugio
383 2333 477 2397 duxit
498 2355 632 2421 eamque
655 2356 762 2399 secum
785 2335 928 2420 reginam
950 2335 984 2398 in
1007 2357 1141 2419 regnum

29 2419 222 2483 coronavita

106 2540 158 2603 20.
182 2535 373 2602 Wilelmus&
396 2537 463 2600 dux
496 2539 681 2686 diratorum&
702 2540 770 2624 regi
793 2547 925 2602 contra&
948 2560 1057 2605 omnes

518 2645 568 2687 em
589 2623 701 2688 iurata

105 2723 198 2787 Dum
228 2721 307 2788 haec
335 2722 483 2788 Lauduni
511 2735 705 2810 gererentur,
739 2723 908 2790 Wilelmus
940 2725 1138 2810 piratarum⁴
1154 2742 1206 2788 ero.

29 2805 91 2870 dux
111 2807 237 2893 legatos
258 2807 327 2892 regi
349 2807 465 2892 dirigit,
497 2809 552 2894 qui
580 2831 649 2873 sese
679 2809 755 2872 satis
781 2809 811 2873 ei
832 2806 960 2873 fidelem
982 2809 1139 2874 indicent:

29 2913 87 2975 quo
114 2915 176 2956 rex
204 2890 321 2973 iubeat,
355 2913 423 2956 sese
456 2912 662 2956 occursurum
696 2890 856 2980 fidemque
889 2901 999 2957 contra
1032 2915 1140 2959 omnes

97 3073 121 3140 ¹⁸)
142 3075 182 3124 ire
201 3073 341 3136 festinans,
361 3072 476 3124 collecto
495 3074 622 3136 exercitu,
642 3078 703 3140 post
721 3073 825 3124 bostem
845 3074 981 3126 accelerat
999 3075 1143 3126 transiens·

145 3161 198 3213 que
216 3147 339 3197 Rhenum
358 3147 548 3197 terramillam
567 3146 703 3198 solotenus
722 3145 789 3196 Elaia

86 3219 123 3285 ’*)
143 3220 285 3286 parabant,
299 3225 326 3270 et
339 3235 403 3270 ecce
418 3221 481 3272 Otto
496 3235 528 3270 ex
541 3225 598 3270 tota
612 3220 729 3271 Saxonis
743 3203 871 3271 collectas
886 3222 977 3286 copias
991 3237 1016 3270 a.
1029 3221 1046 3270 i.
1073 3218 1142 3270 Era.

75 3290 124 3358 η’)
144 3292 249 3358 Belgae
268 3294 360 3358 itaque
380 3308 439 3344 cum
461 3293 529 3344 duce
550 3309 597 3344 suo
617 3292 799 3344 indubitanter
817 3295 961 3344 renitentes
980 3291 1049 3343 aar.

97 3364 123 3432 †)
143 3368 242 3417 flumen
262 3367 346 3430 signis
364 3366 468 3418 infestis
487 3366 556 3416 aaa.

86 3437 124 3505 ἢ)
146 3446 174 3491 et
189 3455 222 3490 ex
240 3444 350 3506 utraque
369 3444 445 3506 parte
464 3439 540 3490 multi
559 3439 711 3491 funduntur.
748 3438 816 3490 Bkt.

74 3510 126 3579 lli)
147 3518 188 3564 eet
208 3539 242 3550 -
263 3514 352 3564 stratis
371 3513 466 3564 derunt
483 3511 552 3564 Elaia.

85 3583 123 3654 ΊιἼ
142 3587 212 3636 Nam
232 3601 292 3636 cum
313 3587 383 3637 duae
401 3587 502 3636 terciae
522 3601 612 3637 eorum
631 3585 706 3637 fusae
725 3586 845 3635 iacerent
859 3589 885 3636 et
899 3583 1064 3637 Giselbertue
1080 3599 1144 3636 euos

144 3659 277 3710 defecisse
296 3659 374 3720 adeo,
400 3660 568 3711 adversarios
595 3664 683 3710 autem
702 3657 794 3710 illesos
813 3658 992 3722 arbitraretur,
1017 3659 1045 3709 in
1070 3663 1145 3710 tanta

147 3732 303 3784 confusione
321 3748 408 3784 rerum
427 3732 492 3798 suga
511 3732 579 3784 Eleia.

87 3802 124 3868 ‘lt
144 3805 181 3856 At
199 3805 303 3872 Belgae
322 3807 456 3857 interitum
477 3805 553 3857 ducis
571 3807 736 3868 ignorantes,
760 3805 823 3856 totis
841 3805 942 3856 viribus
962 3803 1144 3868 decertabant,

146 3883 275 3945 tantoque
289 3884 400 3945 egerunt
418 3879 522 3943 robore,
543 3877 630 3930 donee
642 3883 704 3944 poet
717 3877 895 3929 execrabilem
910 3877 1143 3929 innumerabilem·

147 3967 199 4018 que
219 3953 363 4016 interitum,
384 3967 474 4004 eoram
494 3953 540 4018 qui
559 3951 647 4002 relicti
665 3951 770 4001 fuerant
789 3949 837 4000 alii
857 3956 1023 4018 caperentur,
1051 3949 1097 4000 alii
1116 3951 1143 4000 in

146 4025 257 4076 ssadum
278 4024 503 4092 demergerentur.
540 4025 572 4076 L.
592 4029 681 4076 autem
700 4039 748 4074 rex
767 4021 834 4075 Ekt.

9 4167 10 4170 ,
85 4132 170 4186 a)1m,
191 4134 229 4186 be,
252 4144 282 4185 m,
303 4144 318 4173 a
332 4133 389 4174 abac.
463 4131 486 4186 b)
500 4139 550 4184 porr
566 4134 615 4176 aad.
692 4130 713 4184 c)
730 4135 753 4173 et
772 4135 851 4172 tamen
867 4133 886 4174 1.
963 4128 986 4181 d)
1002 4129 1109 4170 occubuit
1124 4130 1145 4171 1.

9 4187 52 4240 ,cl
67 4194 144 4233 enecti
160 4194 180 4232 1.
240 4192 259 4244 l)
275 4193 377 4242 exempti
393 4191 414 4233 1.
474 4190 497 4243 κ)
515 4203 574 4246 mar,
589 4196 619 4245 ta,
635 4196 694 4244 ntra,
710 4192 770 4232 iurat
785 4191 842 4232 abac.

103 4288 132 4356 1)
150 4288 229 4340 Haec
246 4289 386 4341 Richerue.
456 4286 484 4352 2)
503 4289 545 4339 Ex
564 4287 643 4340 Flod.
713 4285 743 4354 8)
764 4286 804 4337 cf.
825 4283 929 4336 artoldi
955 4284 1041 4351 epist,
1065 4283 1145 4336 Flod.

34 4356 100 4412 Hiat.
119 4362 197 4414 Rem.
217 4361 265 4428 IV,
285 4362 330 4413 36,
412 4358 441 4427 4)
461 4361 479 4413 i.
494 4377 518 4413 e.
537 4360 765 4414 Nordmonncrum
785 4359 1021 4410 Rhodomensium.

890 4444 911 4506 4
