2938 5016
280 416 434 468 RICHERI
453 417 707 471 HISTORIARUM
725 418 838 472 LIBER
856 420 894 472 11.
1117 424 1151 473 67

70 582 135 648 *ht
168 583 339 664 Quomodo
361 585 458 670 pauci
479 585 633 650 iuvenes²
653 609 753 652 naves
775 610 795 652 a
816 587 920 652 ducel
942 585 1115 654 subductas
1159 605 1210 678 qis.

142 678 222 752 pera
244 669 417 734 astutiama
439 670 611 754 repetitas⁸
634 671 788 744 exercitui
810 671 1004 737 adduxerint
1012 683 1035 735 ³.
1176 665 1263 715 ¹¹·⁶⁰⁰·

114 788 215 851 Dux¹
238 811 315 853 vero
338 811 448 856 eorum
476 791 632 890 impetum
660 793 869 876 presentiens,
897 815 917 856 a
937 791 1029 856 litore
1051 792 1149 857 hosti-

43 869 93 936 bus
115 874 265 956 contiguo
287 895 347 959 per
367 874 409 936 20
423 873 559 939 miliana
574 896 685 939 omnes
699 898 797 940 naves
817 875 934 940 abduci
972 887 1147 961 receperat,

41 978 73 1018 ne
92 955 282 1022 adversariis
304 957 489 1021 transeundi
505 959 714 1024 commoditas
728 970 903 1045 pararetur.
938 898 984 1024 dt
997 959 1147 1023 frustrato

42 1041 100 1104 eius
121 1039 264 1121 consilio,
286 1040 386 1106 multo
406 1041 498 1106 aliter
515 1043 700 1128 provenisse
715 1053 826 1108 notum
848 1053 906 1108 est.
935 1043 1020 1107 Nam
1035 1042 1146 1108 decem

41 1146 161 1188 numero
190 1127 332 1207 iuvenes,
382 1126 477 1191 uibus
491 1127 663 1191 'constanti
692 1138 798 1192 mente
820 1128 921 1191 fixum
944 1136 1010 1191 erat
1032 1129 1145 1190 omnob

40 1208 207 1353 periculum
238 1147 522 1291 subiredhabitum
552 1209 723 1276 mihtarem
749 1212 1018 1297 imperegrinum
1046 1219 1145 1274 trans-

51 1303 210 1375 ormantes,
226 1315 319 1378 reges
334 1303 554 1377 prevenerant,
571 1293 826 1359 obsecrationum
841 1305 916 1360 vota
930 1295 1143 1359 simulantes*.

41 1374 187 1461 Sportuhs
209 1378 255 1440 ita
278 1399 318 1440 uc
347 1379 388 1442 ab
415 1377 548 1444 humero
579 1377 842 1464 dependentibus,
871 1379 994 1443 ferratis
1021 1377 1144 1443 baculis

40 1461 215 1545 procedunt.
282 1461 468 1548 abitumque
484 1464 608 1526 mentiti
622 1465 835 1549 peregrinum,
858 1463 971 1528 urbem
985 1461 1144 1526 Parisium

40 1564 102 1607 cum
131 1545 282 1630 Sequana
309 1545 461 1630 pontibus
489 1555 719 1631 pertranseunt.
773 1545 887 1610 Nullus
916 1547 962 1611 eis
991 1545 1143 1610 molestus

40 1629 141 1692 extitit.
185 1627 248 1692 *Ae
263 1628 356 1694 litora
371 1629 539 1713 exteriora,
562 1630 677 1729 quibus
692 1653 790 1694 naves
805 1631 1002 1712 tenebantur,
1020 1639 1261 1715 petunt.·r01.u.

40 1710 145 1798 Sisque
177 1714 212 1776 in
243 1711 419 1798 hospitium
450 1715 594 1778 farinarii
626 1714 812 1779 cuiusdam²
843 1714 1044 1796 divertentes,
1075 1735 1143 1778 sese

39 1799 130 1879 gratia
149 1797 276 1862 visendi
304 1807 487 1862 sanctorum
513 1798 585 1862 loca
614 1821 655 1862 cx
678 1799 822 1864 citeriore
843 1798 955 1864 litorec
977 1799 1144 1863 advenisse

39 1880 172 1945 refenmt.
217 1882 401 1948 Farinarius
423 1883 555 1946 iuvenes
577 1882 732 1947 formosos
754 1884 787 1946 in
805 1883 917 1948 habitu
931 1881 1005 1949 licet
1019 1881 1143 1946 abiecto

39 1965 242 2046 considerans,
263 1965 436 2051 hospitium
459 1975 622 2050 gratanter
643 1967 865 2032 accommodat
886 1977 917 2032 et
936 1968 1070 2052 insuper
1089 1987 1143 2030 eos

39 2049 132 2113 mitius
147 2058 248 2113 curat.
282 2050 346 2129 Qui
359 2049 506 2114 fraudem
521 2051 676 2134 meditati,
697 2074 845 2116 nummos
861 2051 946 2134 dant,
969 2053 1143 2148 vinumque

39 2135 165 2214 mercati,
201 2132 360 2218 hospitem
391 2135 560 2200 inebriant.
602 2135 647 2200 Et
678 2136 723 2199 sic
756 2145 855 2200 totam
888 2135 974 2200 diem
1004 2133 1143 2196 convrvii

39 2216 220 2282 iocunditate
251 2229 450 2284 consumunt.
503 2219 640 2284 Iuvenes
673 2220 831 2304 hospitem
859 2220 934 2284 vino
965 2215 1142 2282 faciliorem

39 2299 236 2384 advertentes,
259 2301 345 2387 quod
368 2304 397 2367 ei
419 2304 460 2367 sit
481 2304 623 2366 officium
647 2312 904 2389 percunctantur.
947 2300 1005 2364 Ille
1026 2299 1141 2363 farina-

37 2384 107 2448 n'um
135 2386 227 2451 sesed
259 2396 423 2450 memorat.
477 2386 522 2450 At
553 2387 598 2450 illi
630 2387 801 2472 prosecuti,
835 2388 861 2449 si
894 2385 971 2470 quid
1003 2381 1141 2468 amplius

37 2472 131 2550 possit,
153 2472 361 2555 interrogant.
405 2469 463 2534 Ille
485 2473 581 2536 etiam
610 2473 805 2557 piscatorum
831 2469 921 2534 ducis
951 2468 1141 2553 magistrum

37 2572 63 2614 sc
82 2556 201 2635 asserit,
224 2563 256 2618 et
277 2576 319 2618 ex
346 2556 477 2619 navium
506 2555 802 2620 accommodatione
832 2563 978 2640 questum
1001 2551 1140 2638 aliquem

38 2634 87 2700 sibi
106 2639 229 2703 adesse.
262 2637 313 2702 Illi
339 2661 429 2703 vcro:
459 2638 648 2720 ‘Quoniam',
678 2640 835 2725 inquiunt,
865 2637 1140 2702 ‘humanissimum

37 2719 113 2785 nobis
134 2733 166 2788 te
184 2723 386 2805 invenimus,
415 2745 468 2787 am
492 2723 573 2788 liora
601 2725 698 2788 etiam
728 2745 746 2787 o
771 2732 885 2788 tamus.
927 2722 1021 2786 Unde
1049 2729 1089 2801 et,
1112 2721 1139 2782 si

37 2805 174 2886 quiddam
196 2805 291 2871 nobis
312 2806 420 2888 facias,
449 2745 490 2872 ld
511 2807 629 2872 solidos
649 2830 709 2872 nos
731 2746 922 2892 aliegaturos
943 2805 1139 2891 pollicemur,

36 2897 63 2950 ut
89 2890 258 2956 videlicet⁶
287 2899 375 2955 trans
403 2890 537 2956 fluvium
568 2913 627 2956 nos
660 2891 786 2970 evehas,
819 2913 857 2956 eo
912 2890 977 2954 uod
1007 2888 1138 2952 ulterius

35 2976 194 3052 procedere
222 2983 346 3040 oratum
374 2998 580 3061 nequeamus,
609 2977 731 3040 itineris
760 2975 813 3040 lon
836 2913 958 3040 itudme
994 2972 1137 3070 fatigati.

35 3053 70 3118 At
81 3057 204 3146 hospite
222 3059 445 3144 respondente,
461 3059 552 3124 ducis
567 3059 672 3124 edicto
686 3081 784 3124 naves
799 2999 841 3124 ah
856 3057 1026 3124 interioraf
1044 3054 1139 3120 htora

35 3151 136 3225 raptas,
158 3165 201 3208 ne
225 3142 394 3208 Germanis
416 3143 665 3229 irrumpentibus
688 3153 797 3230 pateat
817 3165 974 3223 accessus,
996 3139 1042 3204 illi
1059 3148 1137 3202 tem·

35 3241 98 3304 pore
118 3236 272 3293 noctumo
299 3227 420 3293 absus
448 3227 608 3292 calumnia
635 3227 669 3292 id
697 3227 766 3292 fieri
817 3249 888 3290 osse
915 3232 1135 3311 prosecuntur.

34 3305 80 3372 Ille
96 3313 255 3396 pecuniae
275 3250 420 3398 cupidus,
442 3311 574 3378 naulum
588 3312 705 3397 accipit
727 3333 765 3376 ac
801 3309 991 3395 epatrando
1006 3329 1047 3370 ne
1071 3307 1135 3370 otio

34 3389 116 3458 fidem
137 3397 202 3460 dat.
246 3395 322 3460 Nox
343 3397 441 3460 affuit.
489 3396 625 3461 Iuvenes
651 3396 844 3480 promissum
869 3392 938 3456 fieri
962 3413 1022 3478 pos
1070 3399 1133 3453 ant.

33 3471 80 3538 ille
94 3501 179 3562 mox,
201 3489 367 3565 assumpto
389 3501 488 3565 puero
510 3482 669 3565 privigno,
692 3501 764 3542 cum
786 3476 954 3543 iuvenibus
975 3477 1010 3540 in
1030 3474 1133 3538 noctis

33 3565 174 3646 tempesta
189 3563 232 3628 ad
245 3587 346 3629 naves
365 3575 525 3650 properat.
559 3563 784 3628 Comitanturss
805 3571 858 3627 etss
879 3563 1019 3626 iuvenes.
1052 3558 1136 3640 Quig

33 3643 221 3714 sohtudinem
235 3648 389 3730 videntes,
411 3670 547 3733 puerum
567 3656 695 3733 raptum
717 3649 751 3711 in
768 3645 922 3712 fluentum
937 3645 1134 3730 demergunt.

33 3722 190 3816 Hospitem
211 3754 287 3797 vero
318 3731 454 3797 clamare
479 3733 632 3796 nitentem
660 3740 787 3816 gutture
814 3730 978 3796 invadunt.
1028 3729 1135 3816 Atque

92 3927 116 3995 ¹³)
135 3930 214 3994 Quod
235 3938 262 3983 et
279 3932 362 3984 fertur
380 3931 512 3983 Bernardi
532 3933 636 3983 comitis
655 3931 754 3982 astutia
774 3931 931 3998 dispositum
952 3929 1016 3982 add.
1034 3931 1059 3983 1.

81 4110 101 4162 a)
117 4115 163 4166 iuv,
180 4124 194 4153 a
210 4113 232 4164 d,
248 4123 290 4162 per
305 4124 326 4165 a,
340 4117 383 4164 tas,
400 4114 429 4154 sd
445 4114 501 4155 abac.
562 4111 586 4165 b)
604 4113 665 4153 omni
681 4111 786 4163 periculo
803 4114 823 4151 1.
878 4108 898 4162 c)
916 4122 945 4151 ex
955 4121 974 4150 c.
985 4111 1001 4150 1.
1017 4110 1041 4148 in
1057 4120 1133 4161 maru,

33 4163 79 4208 itore
94 4173 150 4213 obre.
204 4169 228 4222 d)
245 4182 270 4211 se
287 4174 307 4212 1.
360 4170 382 4223 e)
398 4176 502 4223 tempore
518 4176 632 4214 nocturno
648 4173 698 4212 odd.
717 4173 737 4215 1.
788 4168 894 4223 Oexter.
913 4171 933 4210 1.
988 4168 1011 4220 g)
1023 4169 1134 4217 poetodd.

94 4326 122 4394 1)
141 4331 183 4382 Da
202 4330 245 4380 his
261 4329 328 4380 nihil
340 4329 518 4382 Flodoardus.
593 4327 623 4396 Ω)
642 4330 685 4380 Do
699 4328 902 4390 molendinario,
922 4327 1133 4379 molendinorum

7 4455 8 4464 ,
34 4393 160 4465 Sequanae
186 4403 306 4467 custode,
334 4403 368 4454 of.
396 4404 478 4456 Gesta
498 4403 637 4454 consulum
662 4402 898 4469 Andeg'uveusium
924 4417 985 4469 cap.
1008 4401 1033 4452 6.
1061 4401 1091 4452 Ρ.

7 4467 9 4510 Ι
859 4488 902 4552 5*
