2938 5016
272 423 424 476 RICHERI
443 423 696 476 HISTORIARUM
715 424 866 476 LIBERI.
1094 425 1130 476 33

29 594 61 657 ab
80 595 222 659 exercitu
244 592 357 658 cedere
379 591 479 656 coacti
501 601 583 656 sunt.
633 593 684 657 Ac
705 591 847 675 coartati,
880 590 962 658 saltu
991 592 1192 682 quodamm-

29 679 111 742 vitam
136 678 219 743 tueri
240 675 432 746 nitebantur.
465 673 509 741 At
531 677 690 742 exercitus
713 677 962 764 circumquaque
978 700 1032 744 eos
1048 679 1131 744 obsi-

30 761 101 844 dens,
122 762 207 827 adeo
229 761 372 847 urgebat.
404 758 455 824 Illi
469 782 544 826 vero
567 771 663 826 noctu
686 762 850 848 eruptione
864 759 958 844 facta,
979 762 1014 826 in
1028 771 1131 827 castra

29 848 97 930 regis
124 845 283 911 feruntur.
332 845 376 910 Et
405 842 663 910 circumvallante
692 846 836 910 exercitu
857 846 984 932 penitus
1006 845 1130 928 inclusi,

29 929 188 996 miserabili
209 929 355 994 fortunae
377 930 585 994 succubuere.
629 927 712 994 Octo
734 951 872 1016 namque
887 951 998 995 eorum
1020 929 1128 994 milia¹

29 1014 63 1078 ibi
82 1036 155 1081 cesa
176 1014 367 1079 referuntur.
420 1011 492 1094 Quo
514 1010 651 1077 tumultu
679 1025 758 1078 rex⁸
780 1015 861 1080 inter
881 1013 1030 1080 humeros
1060 1036 1130 1078 sau-

30 1099 123 1182 ciatus,
149 1097 373 1183 Hildegaudus
390 1119 476 1176 vero,
500 1095 665 1161 clarissimi
680 1099 806 1184 generis
821 1120 938 1181 comes,
961 1099 1129 1184 interemp-

30 1193 70 1246 tus
96 1193 160 1266 est;
201 1181 318 1268 aliique
347 1181 489 1246 nonnulli
515 1203 574 1247 nec
602 1191 710 1248 tamen
742 1181 848 1269 aliquo
881 1183 1010 1248 nomine
1042 1181 1129 1247 clari.

30 1266 87 1330 Rex
105 1267 242 1332 victoria
262 1267 392 1352 potitus,
414 1265 607 1330 Laudunum
629 1265 732 1331 rediit.

384 1387 434 1452 52.
466 1387 576 1452 Lunae
598 1386 765 1452 defectiob.

100 1490 190 1554 Tunc
218 1489 314 1555 etiam
342 1487 418 1552 luna
446 1489 494 1552 14.
524 1499 626 1554 terrae
649 1488 776 1554 obiectu
799 1487 977 1570 obscurata,
1005 1489 1130 1554 visibus
1142 1510 1193 1552 aar.

30 1573 228 1638 intuentium⁰
260 1572 385 1637 defecit.
438 1573 533 1638 Acies
565 1594 692 1660 quoque
721 1574 833 1658 igneae
862 1573 970 1636 Remis
997 1574 1031 1636 in
1064 1571 1131 1638 celo

30 1658 105 1722 visae
127 1669 207 1722 sunt.
255 1655 381 1737 Quibus
402 1656 657 1743 presagientibus
680 1657 789 1744 signis,
821 1654 958 1720 febrium
981 1678 1018 1722 ac
1039 1660 1134 1723 tussi-

30 1740 162 1810 cularum
185 1741 317 1806 morbus
344 1763 362 1805 e
390 1741 525 1826 vestigio
554 1742 691 1828 irrepsit.
742 1740 836 1806 Unde
865 1739 1008 1805 nonnulli
1036 1739 1132 1806 loeta-

30 1822 96 1888 liter
123 1825 233 1909 affecti,
257 1824 446 1892 occubuere.
495 1824 578 1891 Cum
606 1825 654 1889 his
682 1847 744 1912 quo
769 1848 808 1891 ue
831 1835 862 1892 et
886 1825 990 1890 litium
1017 1824 1133 1891 tumul-

30 1911 120 1974 tuatio
133 1911 213 1975 inter
227 1931 338 1995 regern
359 1931 397 1974 ac
420 1908 635 1992 Heribertum,
658 1911 713 1996 qui
761 1908 885 1974 erolum
906 1909 965 1974 sub
988 1911 1133 1976 custodia

31 1994 188 2076 defluebat,
220 2015 285 2058 non
315 1993 443 2058 modica
475 1995 646 2060 subsecuta
674 2004 769 2081 atque
799 1995 980 2080 exagitata‘¹
1008 2006 1064 2077 est,
1094 2017 1132 2061 eo

33 2079 107 2162 quod
131 2079 321 2144 Heribertus
349 2078 390 2143 ab
412 2100 488 2163 rege
509 2079 609 2142 nimia
630 2080 810 2166 expetebat,
838 2101 897 2144 rex
917 2100 994 2144 vero
1024 2087 1133 2164 utpote

32 2161 189 2228 insatiabili
209 2161 289 2227 nihil
309 2161 601 2258 accommodabat&

354 2283 404 2347 53.
431 2282 564 2347 Karoli⁰
585 2281 762 2351 liberatior.

5 2391 7 2400 ’
104 2385 184 2472 Regi
204 2407 281 2470 ergo
303 2387 405 2450 minas
426 2383 617 2450 Heribertus
639 2384 816 2466 intendens,
845 2382 1001 2448 Karolum
1023 2405 1131 2469 regem

11 4499 13 4552 l

32 2489 185 2535 coarcere
207 2469 359 2536 eductum
380 2471 413 2532 in
434 2468 876 2556 pagumfveromandensem
899 2467 1042 2550 deduxit,
1069 2489 1134 2532 non

32 2563 61 2616 ut
78 2566 196 2640 regnet!
224 2552 327 2618 fidelis
355 2575 428 2619 eum
454 2554 642 2636 restitueret,
675 2565 708 2620 at
729 2563 765 2617 ut
787 2576 828 2618 ex
850 2551 935 2618 *eius
965 2553 1184 2630 eductionem.
1201 2577 1254 2622 sss.

33 2635 158 2722 aliquam
181 2638 361 2724 suspectisll
384 2637 586 2702 formidinem
608 2639 773 2703 incuteret.
806 2637 1011 2703 Nortmannis
1027 2639 1134 2787 itaque

33 2723 181 2787 accersitis
208 2733 304 2810 atque
330 2721 418 2809 apud
447 2721 602 2808 oppidum
623 2720 752 2808 Augam
781 2720 932 2802 collectis,
963 2722 1051 2788 eumi

34 2803 122 2888 ducit3
143 2807 253 2894 ibique
274 2805 381 2870 iiliusk
395 2803 536 2870 Rollonis
580 2808 723 2892 yratael,
746 2805 786 2870 de
809 2807 897 2870 cuius
917 2805 1135 2872 interfectione

33 2889 88 2952 iam
111 2889 245 2956 relatum
270 2899 348 2974 θεῖ’,
370 2891 455 2976 regis
476 2829 624 2956 mamlius
646 2913 715 2955 sese
736 2889 944 2955 militaturum
967 2891 1136 2957 committit

33 2972 179 3062 fidemque
194 2973 330 3062 spondet
347 2996 386 3039 ac
408 2987 604 3040 sacramento
627 2973 742 3039 firmat.

116 3097 165 3162 54.
196 3083 375 3161 Sententia¹
397 3094 559 3186 Rolmae1]
582 3096 697 3181 petita¹
719 3095 866 3184 ab[sque¹
890 3096 1041 3186 effelctul

107 3197 232 3262 Exinde
248 3197 436 3264 Heribertus
450 3195 586 3262 Rodulfo
605 3221 639 3263 re
666 3199 672 3214 '
688 3197 844 3280 invidens,
866 3196 1040 3262 admodum
1061 3197 1136 3261 insi-

35 3278 178 3348 diabatur.
229 3281 323 3348 Unde
352 3291 383 3348 et
410 3305 484 3347 cum
512 3280 631 3346 Kar-olo
683 3304 771 3346 ornos
797 3281 979 3361 deveniens,
1008 3301 1067 3365 pro
1097 3301 1134 3345 eo
1148 3301 1198 3342 aaa.

35 3361 157 3430 Romam
183 3365 307 3452 legatos
336 3367 447 3452 dirigit
475 3388 514 3430 ac
540 3366 674 3430 Iohanni
702 3387 805 3453 papae
832 3363 999 3452 epistolam
1030 3365 1136 3446 mittit,

35 3467 86 3530 per
106 3472 198 3536 quam
221 3449 432 3550 significabat,
462 3460 571 3516 eontra
594 3448 750 3514 Karolum
772 3471 831 3514 nec
853 3471 921 3514 sese
944 3448 1136 3529 coniurasse,

35 3552 88 3594 nee
107 3535 329 3600 coniurationis
351 3535 514 3600 conscium
535 3535 642 3616 fuisse,
664 3534 837 3598 coniuratis
858 3541 980 3598 tantum
1002 3532 1137 3597 invitum

36 3617 171 3701 cessisse3
193 3619 279 3684 unde
301 3629 333 3684 et
353 3640 387 3684 se
408 3618 489 3685 velle
510 3617 693 3704 plurimum,
716 3628 752 3683 ut
765 3615 902 3683 Karalus
925 3639 1026 3704 regno
1047 3617 1137 3683 resti·

36 3707 141 3785 tuatur,
168 3704 223 3790 qui
250 3703 403 3768 innocens
425 3706 492 3770 sine
515 3723 611 3767 causa
637 3702 782 3768 abiectus
808 3703 864 3786 sit3
896 3723 956 3767 nec
979 3699 1082 3767 solum
1104 3723 1138 3766 se

36 3782 66 3844 in
86 3782 140 3850 hac
166 3810 235 3854 esse
264 3788 428 3872 sententia,
457 3796 490 3852 at
518 3787 712 3874 optimorum
741 3799 917 3874 quosquem
944 3795 1051 3874 preter
1079 3785 1138 3850 hos

37 3867 88 3951 qui
106 3869 193 3936 donis
218 3869 448 3958 multiplicibus
475 3872 616 3956 corrupti
643 3872 740 3954 sint¹¹3
774 3881 988 3959 quapropter⁰
1016 3871 1139 3958 etipse

1105 2745 1134 2786 θ.

92 4039 111 4093 ι)
126 4055 144 4088 r.
158 4056 171 4086 ι
186 4048 251 4095 tergo
268 4047 287 4087 1.
347 4043 371 4096 b)
388 4045 424 4096 dc,
439 4045 461 4085 io
476 4045 533 4086 abac.
594 4045 616 4099 e)
632 4046 735 4097 aspici..
753 4047 773 4089 1.
828 4041 852 4096 d)
869 4045 959 4086 modice
975 4047 1055 4085 exorta
1069 4047 1104 4084 est
1121 4046 1141 4084 1.

37 4096 57 4146 e)
73 4109 103 4152 ro,
117 4102 140 4155 u,
155 4105 201 4144 auo
216 4105 272 4145 assa.
332 4102 484 4155 cremonem
501 4107 521 4146 r.
581 4105 605 4157 g)
621 4106 718 4156 pmuno
733 4115 758 4145 re
775 4105 795 4144 1.
840 4101 864 4155 u)
878 4109 928 4153 pon
943 4104 993 4144 aaa.
1039 4100 1057 4153 s)
1073 4103 1102 4143 κ,
1119 4105 1141 4142 ι.

37 4173 59 4283 3
74 4175 130 4276 {³15-
145 4181 172 4279 dle
189 4184 208 4223 1.
254 4180 272 4234 1)
288 4185 351 4236 ntan,
366 4193 426 4235 mse,
441 4183 490 4235 nn,
506 4193 562 4232 sque
579 4182 623 4224 effe
639 4183 695 4224 abac.
746 4180 777 4234 m)
795 4181 920 4222 nonnullos
937 4183 957 4221 1.
1018 4159 1080 4230 ιι)ἶῖ
1094 4178 1142 4219 ced.

96 4247 137 4279 ne
167 4271 171 4281 .

108 4349 133 4416 1)
150 4352 216 4407 anille
235 4361 259 4408 et
275 4361 376 4407 centron
395 4355 571 4408 Flodoardus.
646 4353 675 4421 2)
695 4355 771 4406 Haec
785 4355 936 4406 accuratius
949 4356 1040 4404 narrat
1058 4351 1137 4404 Flod.

39 4418 66 4484 3)
87 4437 108 4474 c.
123 4424 155 4474 ³0
173 4425 232 4492 αἶ’,
253 4427 324 4495 quod
343 4435 432 4481 tamen
452 4430 510 4496 ipse
531 4429 638 4481 delevit.

892 4513 913 4576 3
