2936 5010
337 389 388 440 106
604 387 758 440 alenam
777 345 1029 442 masculanum
1049 388 1159 439 ulnas
1177 388 1229 440 111.

275 577 325 620 aso.
334 555 599 644 prestolabantur.
635 555 820 622 Haerebant
841 557 968 638 etenim,
989 579 1033 621 an
1047 555 1178 621 Otrico⁸
1197 556 1354 644 quispiam
1368 554 1432 618 resi-

334 652 416 706 stere
452 641 590 706 auderet.
647 639 781 704 Necnon
817 651 849 704 et
884 664 904 705 a
971 651 1039 705 stus
1075 640 1256 705 huiusmodi
1288 649 1432 703 certamen

333 724 515 790 habendum
537 723 649 790 callide
671 725 896 810 pertractabat.
968 723 1106 790 itebatur
1126 736 1232 790 autem
1256 723 1432 789 (herbertum

334 810 497 874 incautum
512 808 622 876 Otrico
645 831 663 872 o
688 830 816 894 ponere,
839 819 884 887 ut,
906 811 933 872 si
954 810 1100 874 incautus
1114 817 1330 895 appeteretur,
1350 808 1433 870 maio-

334 915 401 958 rem
424 903 647 958 controversam
673 916 682 954 1
704 895 847 956 animum
862 894 894 956 in
911 895 1103 958 contrarium
1118 903 1271 958 moveret.
1302 892 1432 958 Otricum

334 999 409 1042 vero
432 975 531 1042 multa
551 999 610 1064 pro
636 999 730 1040 onere
752 975 869 1041 nihilve
885 977 1007 1043 solvere
1022 976 1218 1043 hortabatur.
1256 980 1362 1062 Atque
1375 975 1432 1038 hisb

335 1061 481 1127 omnibus
503 1083 585 1126 exo
627 1063 695 1125 inec
725 1061 973 1144 considentibus,
1001 1071 1155 1148 augustus
1183 1084 1294 1126 eorum
1325 1060 1433 1125 medius

335 1146 381 1210 sic
402 1147 441 1210 eb
464 1144 610 1210 sublimi¹³
632 1145 751 1230 coepit:

334 1267 385 1334 58.
428 1264 587 1330 Allocutio
617 1266 744 1350 augusti
771 1264 898 1330 Ottonis
927 1267 960 1330 in
989 1275 1145 1332 conventu
1172 1267 1363 1352 sapientium
1387 1285 1433 1349 pro

691 1349 910 1414 emendatione
933 1351 1054 1437 figurae
1063 1352 1086 1414 ¹³.

420 1449 630 1533 ‘Humanam’,
653 1453 817 1538 inquiens,
841 1459 887 1517 ‘ut
908 1453 1045 1518 arbitror
1065 1453 1229 1516 scientiam
1252 1452 1364 1518 crebra
1383 1473 1434 1513 me-

336 1534 447 1599 ditatio
458 1533 509 1600 vcl
520 1537 704 1601 exercitatio
716 1536 820 1601 reddit
830 1535 1002 1620 meliorem,
1019 1538 1187 1623 quotiensd
1198 1559 1306 1601 rerum
1317 1536 1434 1600 materia

336 1629 551 1706 competenter
579 1619 743 1685 ordinatae
775 1622 974 1686 sermonibus
1008 1622 1175 1708 exquisitis
1202 1643 1261 1706 per
1291 1618 1434 1706 quoslihet

335 1704 494 1790 sapientes
517 1705 652 1770 effertur.
686 1705 768 1768 Nam
791 1725 863 1768 cum
886 1728 944 1791 per
966 1705 1065 1770 otium
1088 1706 1253 1791 sepissime
1275 1715 1433 1792 torpemus,

336 1788 364 1850 si
384 1785 563 1872 aliquorum
590 1788 754 1874 pulsemur
803 1790 1009 1871 uestionibus,
1037 1789 1078 1854 ad
1099 1789 1266 1854 utillimam
1288 1811 1364 1853 mox
1384 1811 1435 1852 me-

335 1870 518 1936 ditationem
558 1872 735 1938 incitamur.
781 1811 871 1938 ilinc
905 1875 1037 1939 scientia
1072 1897 1179 1938 rerum
1214 1872 1433 1938 edoctissimis

336 1953 441 2018 elicita
462 1964 519 2019 est.
562 1955 647 2020 Hinc
669 1967 724 2038 est,
748 1957 833 2043 quod
854 1959 894 2022 ab
918 1959 963 2022 eis
985 1957 1108 2044 prolata
1128 1957 1218 2023 libris
1240 1957 1358 2022 tradita
1377 1966 1435 2020 suut

335 2039 490 2126 nobisque
520 2038 562 2103 ad
588 2040 664 2106 boni
693 2043 844 2107 exercicii
872 2042 1007 2127 gloriam
1034 2041 1210 2108 derelictas.
1260 2041 1434 2106 Afficiamur

335 2123 433 2210 igitur
454 2134 486 2189 et
506 2146 564 2188 nos
586 2123 745 2212 aliquibus
762 2125 902 2208 obiectis,
927 2126 1042 2212 quibus
1058 2136 1089 2191 et
1103 2128 1228 2190 animus
1243 2125 1434 2192 excellentior

335 2207 376 2271 ad
406 2207 633 2295 intelligentiae
664 2211 804 2274 cerciora
833 2211 976 2276 ducatur.
1013 2211 1069 2275 ‘Et
1098 2213 1163 2288 eia,
1193 2213 1358 2338 inqbuamb,
1382 2211 1433 2272 ian

335 2315 421 2357 nunc
448 2291 648 2358 revolvamus
669 2293 806 2380 figuram
828 2293 915 2358 illam
937 2295 998 2360 deb
1020 2293 1239 2381 philosophiae
1274 2293 1433 2381 partibusl,

336 2399 417 2476 quae
447 2379 539 2444 nobis
566 2401 648 2443 anno
678 2380 840 2464 superiore
869 2388 1043 2444 monstrata
1072 2389 1129 2444 est.
1174 2379 1295 2444 Omnes
1319 2378 1434 2463 diligen-

334 2463 455 2526 trssime
485 2484 556 2526 eam
583 2463 760 2528 advertant.
808 2463 991 2550 Dicantque
1021 2463 1146 2548 singuli,
1173 2463 1251 2564 quid
1274 2465 1308 2526 in
1330 2484 1367 2528 ea
1390 2471 1434 2525 aut

336 2555 447 2609 contra
468 2568 538 2609 eam
562 2548 707 2612 sentiant.
753 2547 789 2612 Si
810 2546 926 2612 nullius
956 2549 1153 2613 extrinsecus
1180 2547 1312 2632 rndiget,
1342 2556 1434 2611 vestra

338 2629 480 2692 omnium
508 2629 674 2696 roboretur
700 2632 939 2718 approbatione.
990 2631 1121 2697 sivero
1151 2632 1340 2718 corrigenda
1360 2630 1433 2694 vide-

337 2711 432 2791 bitur,
462 2713 651 2799 sapientium
678 2717 843 2781 sententiis
869 2726 924 2781 aut
944 2716 1143 2802 improbetur
1164 2728 1219 2782 aut
1240 2717 1281 2781 ad
1303 2736 1433 2780 normam

336 2795 508 2882 redigatur.
564 2795 745 2886 Coramque
767 2800 944 2864 deferaturss
965 2802 1029 2864 iarn
1051 2824 1137 2864 nunc
1158 2800 1314 2865 videnda’.
1357 2801 1433 2863 Tunc

338 2878 465 2945 Otricus
486 2903 556 2946 eam
577 2883 610 2945 in
632 2893 742 2981 apertu
768 2884 941 2970 proferens,
971 2907 991 2948 a
1013 2886 1169 2950 Gerberto
1199 2886 1244 2949 sic
1272 2885 1434 2949 ordinatam

219 2985 273 3030 ⁸101.
283 2989 325 3032 ee‘.
337 2973 368 3029 et
388 2986 407 3027 a
429 2964 495 3028 suis
525 2965 723 3031 auditorrbus
753 2990 832 3032 exce
857 2979 921 3034 tam
949 2971 1163 3056 scriptamque
1192 2969 1370 3054 respondit3
1396 2970 1435 3028 *et

222 3063 258 3118 ἰ).
276 3049 381 3112 esosic
403 3048 520 3113 domno
548 3071 590 3114 au
614 3062 685 3117 usto
717 2991 903 3138 *legendam
950 3055 1077 3118 orrexit.
1122 3053 1213 3133 Quae
1241 3052 1378 3138 perlecta
1400 3046 1435 3112 ad

337 3131 527 3198 Gerbertum
559 3073 663 3200 delata
691 3146 747 3202 est.
801 3136 865 3217 Qui
893 3076 1061 3223 diligenter
1091 3159 1161 3201 eam
1188 3159 1382 3224 percurrens,
1407 3136 1434 3196 in

336 3228 426 3303 parte
447 3219 605 3368 approbat
626 3228 657 3285 et
677 3221 711 3283 in
732 3229 822 3305 parte
843 3221 1011 3309 vituperat,
1043 3219 1201 3307 simulque
1223 3243 1288 3285 non
1309 3223 1354 3285 sic
1375 3239 1434 3283 eam

336 3325 404 3368 sese
427 3324 463 3368 or
486 3325 589 3369 masse
611 3305 753 3369 asseruit.

440 3424 490 3490 59.
534 3424 661 3489 Divisio
683 3423 899 3490 theoreticaeh
921 3425 1140 3512 philosophiae
1161 3427 1195 3489 in
1217 3425 1347 3512 species.

419 3525 562 3612 Rogatus
585 3536 691 3593 autem
712 3528 753 3594 ab
776 3537 911 3613 augusto
938 3528 1105 3613 corrigere,
1134 3529 1193 3593 ait:
1226 3528 1434 3609 ‘Quoniamo

336 3631 451 3694 magne
473 3632 582 3675 caesar
609 3619 753 3696 auguste,
781 3621 812 3676 te
834 3612 882 3676 his
905 3612 1052 3678 omnibus
1074 3613 1230 3698 potiorem
1251 3611 1351 3692 video,
1372 3607 1434 3685 tuis,

337 3701 372 3755 ut
386 3714 445 3776 par
459 3704 515 3773 est,
538 3695 633 3758 iussis
648 3695 777 3780 parebo.
814 3696 881 3762 Nec
903 3697 1044 3762 movebit
1058 3719 1109 3761 me
1124 3695 1341 3760 malivolorum
1354 3693 1434 3770 livor,

337 3796 471 3923 quorum
499 3778 648 3843 instinctu
675 3779 708 3844 id
729 3779 848 3843 facturn
871 3790 931 3863 est,
962 3791 998 3846 ut
1025 3781 1203 3846 rectissima
1228 3776 1435 3880 philosophiae

359 3859 461 3943 ivisio,
483 3862 691 3947 probabiliter
713 3862 914 3950 dilucideque
936 3887 956 3928 a
977 3887 1028 3928 me
1050 3888 1151 3951 nuper
1174 3865 1325 3945 ordmata,
1350 3860 1435 3924 unius

336 3945 452 4030 speciei
474 3947 692 4032 suppositione
714 3949 825 4012 vitiata
847 3951 914 4012 sit*.
952 3949 1036 4012 Dico
1048 3950 1164 4035 itaque,
1181 3947 1434 4022 mathematicam,

409 4087 432 4157 *)
460 4092 520 4142 Non
546 4094 615 4143 enim
641 4095 743 4158 ignoro,
770 4111 964 4161 quemcumque
983 4095 1080 4146 bonum
1104 4095 1243 4146 calumniis
1263 4091 1434 4146 malivolorum

463 4166 570 4218 assidue
589 4168 716 4217 insectari
736 4167 800 4217 add.
823 4169 846 4216 1.

394 4271 417 4324 a)
434 4284 512 4314 eorum
528 4276 660 4317 doctissimo
678 4279 696 4325 1,
713 4287 770 4318 corr.
788 4277 808 4316 2.
875 4275 899 4329 b)
912 4283 963 4328 post
979 4279 1029 4320 add.
1091 4276 1111 4329 o)
1128 4278 1152 4317 ht
1168 4288 1246 4318 omncs
1262 4277 1317 4318 tussi
1332 4272 1436 4314 consede-

335 4333 458 4439 gqntetgb‘
484 4331 507 4384 d)
524 4335 544 4374 el
560 4337 582 4374 1.
643 4333 665 4388 e)
683 4337 801 4377 ordinetur
817 4338 840 4376 st
857 4357 881 4366 —
900 4337 1008 4379 efferatur
1025 4340 1044 4378 1.
1098 4335 1245 4390 Oderuntl.
1294 4333 1437 4390 g)proter.1.

377 4399 391 4428 a
459 4401 477 4431 e.
