2936 5010
310 401 344 452 92
567 399 721 452 monam
739 397 992 450 HISTORIARUM
1011 399 1125 452 LIBER
1143 400 1196 452 111.

251 577 345 638 asset
366 565 642 632 vehementissime
669 562 894 646 asserentibus,
923 566 1010 651 quod
1035 589 1055 630 a
1075 564 1276 632 multitudine
1304 567 1420 716 episco-

313 671 429 738 porum
457 651 767 732 excommunicatus,
799 671 819 714 a
846 647 969 713 minore
999 671 1110 714 eorum
1139 672 1273 715 numero
1303 651 1416 716 asolvi

311 756 377 800 non
397 742 515 820 posset,
536 732 726 820 relinquitur
752 733 834 798 ratio
862 731 1039 798 differenda
1064 755 1165 820 usque
1190 734 1232 798 ad
1253 735 1417 821 interroga-

310 821 429 884 tionem
451 840 494 903 pa
518 839 556 882 ae
578 817 724 882 Romani.

398 901 446 966 17.
509 922 546 968 ec
572 899 672 966 multo
704 910 778 987 post
806 909 838 964 et
866 899 983 986 legatio
1016 899 1163 986 dirigitur
1193 903 1227 964 in
1261 900 1418 966 Galliasa

311 985 428 1050 domno
444 984 584 1051 Iohanne
606 1005 701 1084 papa,
725 985 781 1071 qui
801 985 866 1047 iam
881 983 1072 1049 succedebat
1086 983 1298 1066 Octovian0·,
1319 985 1417 1050 domni

312 1069 464 1156 Agapitib
487 1080 698 1150 suceessorr13
735 1089 890 1150 asserens,
924 1068 1104 1153 predictum
1132 1067 1307 1153 Hugonem
1340 1069 1417 1154 abdi-

313 1165 429 1236 catum,
451 1161 517 1218 tam
540 1151 651 1218 sinodo
666 1152 821 1233 Romana,
843 1173 940 1237 quam
955 1151 1075 1237 Papiae
1089 1153 1273 1300 nuperrime
1288 1152 1417 1234 habita²,

312 1238 354 1304 ab
376 1237 537 1324 episcopis
558 1234 669 1302 Italiae
690 1234 1000 1317 anathematizatum,
1022 1236 1085 1300 nisi
1106 1258 1126 1299 a
1167 1236 1207 1300 iis
1222 1257 1304 1322 quae
1319 1235 1417 1300 illicite

311 1321 477 1407 repetebat
499 1321 685 1406 quiesceret.
716 1319 789 1400 Qua
810 1317 968 1404 legatione
987 1317 1135 1384 omnibus
1155 1320 1310 1394 intimata,
1334 1342 1419 1406 quae-

311 1405 467 1470 rimoniae
488 1404 568 1468 ratio
591 1403 798 1490 pessumdata
819 1410 876 1466 est.
929 1402 1047 1488 Hugo³
1075 1405 1120 1468 ita
1143 1426 1183 1470 ue
1211 1424 1232 1466 a
1252 1403 1348 1469 fratre
1369 1424 1420 1467 suo

311 1488 466 1554 Rotberto
495 1499 660 1573 receptus,
686 1487 788 1550 nimia
815 1487 978 1552 anxietate
1006 1488 1090 1552 intra
1118 1425 1187 1552 <lies
1216 1488 1418 1573 paucissimos

311 1571 411 1638 Meldi
432 1571 600 1637 defunctus
623 1580 679 1636 est.

397 1657 446 1720 18.
479 1655 589 1719 Bruno
625 1657 733 1742 itaque
765 1651 1028 1739 metropolitanus
1061 1665 1093 1720 et
1124 1653 1191 1719 dux
1224 1655 1352 1720 cuidam
1383 1677 1418 1720 ex

312 1738 446 1824 collegio
484 1739 709 1803 canonicorum
745 1738 950 1803 Mettensium
990 1739 1119 1804 nomine
1156 1737 1307 1804 Odehico
1342 1738 1419 1824 apud

311 1845 421 1908 regem
436 1821 632 1908 presulatum
655 1821 836 1909 quaerebat.
881 1820 977 1902 Quod
1000 1843 1074 1886 cum
1097 1822 1295 1905 obtinuisset,
1318 1844 1417 1888 coram

312 1905 425 1970 adesse
453 1905 537 1971 facit.
593 1907 657 1987 Qui
684 1906 734 1970 vir
762 1903 991 1988 memorabilis,
1024 1927 1099 1970 cum
1131 1915 1215 1972 esset
1246 1905 1366 1971 divitiis
1392 1915 1419 1970 et

312 1988 477 2054 nobilitate
492 1988 731 2076 litterarumque
746 1989 879 2054 scientia
893 1988 974 2054 adeo
990 1987 1101 2072 clarus,
1124 2011 1166 2054 an
1179 2012 1256 2076 rege
1274 1989 1418 2076 largiente

312 2074 421 2160 episco
447 2081 536 2138 atum
569 2074 654 2137 susci
680 2095 731 2138 ere
759 2071 884 2155 audeat,
917 2073 1128 2138 sciscitatur³.
1189 2073 1319 2138 Etenim
1350 2085 1418 2140 tunc

311 2095 522 2244 expetebatur
542 2180 562 2222 a
584 2095 724 2244 quodam
743 2154 869 2238 illustri,
892 2155 944 2220 cui
958 2178 978 2220 a
993 2155 1073 2221 duce
1088 2155 1243 2221 auxilium
1257 2157 1418 2224 ferebatis.

311 2243 356 2306 At
377 2240 439 2325 ille,
462 2249 574 2328 utpote
596 2241 646 2305 vir
667 2239 900 2326 magnanimus,
924 2240 951 2304 si
972 2261 1031 2304 rex
1045 2239 1208 2326 largiatur,
1232 2263 1303 2307 sese
1317 2251 1418 2306 contra

312 2347 422 2390 omnes
444 2335 476 2391 et
497 2333 720 2412 suscepturum
737 2333 769 2388 et
783 2321 996 2406 defensmum,
1012 2325 1185 2412 respondit.
1219 2325 1315 2406 Quod
1329 2326 1417 2396 stiam

310 2409 443 2475 multam
466 2407 528 2473 sibi
551 2409 640 2472 ducis
663 2409 815 2473 invidiam
838 2408 1045 2494 comparavit.

193 2517 232 2572 ἰ).
249 2523 300 2566 era.
395 2493 466 2561 *]9.
500 2491 697 2558 Ordinatur*
724 2493 833 2578 itaque
862 2492 914 2554 inc
936 2489 1070 2555 basilica
1098 2492 1198 2556 sancti
1223 2491 1361 2578 Remigii
1382 2491 1418 2556 ab

310 2599 328 2640 e
353 2578 469 2660 iseopis
499 2575 664 2640 Remensis
692 2583 793 2640 metro
819 2572 876 2638 olis
906 2575 1112 2658 diocesaneis,
1136 2574 1277 2640 Widone
1306 2575 1419 2641 scilicet

336 2659 515 2738 uessonico,
537 2658 695 2723 Rorioone
718 2597 933 2738 Laudunensi,
958 2657 1099 2723 Gibuino
1120 2657 1338 2742 Catalaunico,
1358 2659 1417 2722 Ha

311 2740 398 2806 dulfo
426 2741 656 2806 Noviomensi‘l
688 2753 783 2829 etque
808 2741 967 2807 Wiofrido
988 2741 1192 2807 Virdunensi.
1242 2743 1418 2829 Factusque

248 2857 300 2898 9⁶³,
310 2823 429 2912 presul,
457 2847 535 2890 mox
564 2827 706 2891 tirannos
736 2829 791 2913 qui
820 2847 897 2890 suae
926 2825 1099 2891 aecclesiae
1128 2849 1178 2891 res
1202 2835 1415 2926 pervaserant,

310 2917 346 2972 ut
377 2909 419 2973 ad
450 2909 708 2974 satisfaciendum
739 2909 881 2991 redeant,
914 2911 982 2974 iure
1014 2909 1249 2976 aecclesiastico
1279 2912 1416 2976 advocat.

310 2992 439 3079 Atquee
467 2993 542 3057 inde
571 3016 630 3079 per
656 3002 720 3058 tres
755 2993 879 3058 dierum
912 2993 1134 3080 quadragenas
1166 2997 1325 3060 concessit
1354 3015 1416 3058 esse

310 3075 548 3141 consulendum.

249 3190 299 3231 aar.
393 3161 444 3226 20.
477 3159 721 3226 Evolutotvsro
736 3169 890 3246 tempore,
910 3158 1104 3225 Tetbaldum
1119 3161 1335 3226 Turonicum³
1350 3182 1416 3224 oum

308 3243 379 3309 aliis
394 3267 501 3309 rerum
512 3244 819 3310 aecclesiasticarum
830 3244 1055 3330 pervasoribus
1070 3244 1271 3310 anathemate
1283 3245 1413 3310 damnat.

308 3329 386 3394 Post
414 3351 479 3394 non
507 3328 623 3394 multos
649 3339 756 3394 autem
785 3328 853 3392 dics
880 3327 1055 3414 penitentia
1081 3328 1177 3409 ducti,
1200 3329 1242 3393 ad
1263 3328 1413 3416 presulem

308 3413 500 3479 satisfacturi
535 3412 670 3478 redeunt
704 3420 800 3498 atque
835 3434 886 3476 res
918 3433 1068 3497 pervasas
1100 3410 1245 3498 legaliter
1275 3412 1412 3479 reddunt.

248 3523 299 3564 ses.
308 3496 439 3582 Recipit
459 3498 567 3584 itaque
586 3497 722 3562 domnus
744 3493 851 3582 presul
876 3493 917 3559 ab
939 3493 1110 3561 Heriberto
1133 3495 1262 3581 quidem
1285 3497 1412 3583 Spama-

309 3592 401 3643 oumt
423 3582 530 3645 vicum
559 3579 751 3678 populosum
772 3591 832 3643 act
863 3577 1060 3666 opulentum,
1096 3579 1136 3644 ab
1159 3579 1316 3646 Tetbaldo
1345 3597 1413 3644 vero

309 3674 450 3728 castrum
466 3663 703 3746 Oodieraoumv,
718 3673 860 3750 eosque⁸
875 3684 894 3726 a
909 3661 1037 3728 vinculo
1052 3663 1261 3728 anathematis
1276 3661 1411 3730 absolvit

367 3786 389 3840 a)
406 3789 437 3828 sta
452 3801 468 3828 c.
537 3787 561 3841 b)
581 3789 608 3830 A.
625 3800 700 3840 papae
717 3791 738 3833 1.
806 3787 826 3841 c)
847 3794 895 3829 aa
910 3790 989 3830 Remis
1005 3790 1097 3830 scribere
1112 3794 1213 3839 coeptum.
1277 3788 1301 3842 d)
1323 3790 1411 3836 allisque

308 3847 427 3888 nonnuliis
439 3848 511 3898 percit
528 3851 548 3889 i.
622 3846 644 3899 s)
661 3849 695 3890 Ac
712 3851 731 3890 1.
804 3845 822 3900 t)
839 3859 894 3898 quae
909 3853 1030 3900 sequantur
1047 3869 1072 3880 -
1090 3848 1193 3890 annectit
1210 3848 1236 3902 (c.
1253 3847 1291 3902 21)
1305 3845 1413 3900 posteriori

307 3910 399 3956 tempore
414 3907 438 3946 ta
453 3907 498 3947 toro
514 3918 566 3947 raso
582 3908 657 3947 addito
667 3909 775 3947 videatur.
834 3906 858 3958 g)
875 3911 899 3947 at
915 3909 934 3946 i.

315 4027 318 4032 ·
381 4006 410 4076 1)
429 4010 504 4062 Tunc
522 4010 658 4062 Iohannes
671 4010 735 4060 XII.
750 4009 839 4061 adhuc
858 4009 950 4062 sedem
964 4010 1145 4078 pontificalem
1159 4012 1277 4064 tenebat.
1335 4007 1362 4076 2)
1373 4008 1411 4058 Do

307 4099 360 4149 qua
376 4083 410 4134 cf.
425 4083 591 4148 Ballerin0s‚
606 4083 727 4134 Rathsrii
744 4084 795 4150 Op.
811 4100 838 4149 p.
857 4083 929 4135 cxl.
996 4081 1025 4150 3)
1051 4085 1129 4135 Haec
1148 4083 1220 4150 apud
1239 4083 1411 4137 Flodoardum

305 4156 403 4208 trustra
422 4172 544 4223 quaeras.
619 4157 647 4220 4)
669 4156 700 4207 O.
722 4157 763 4206 19.
785 4157 829 4208 20.
858 4155 912 4208 Sed
931 4156 1014 4207 verba
1032 4153 1168 4209 Rememis
1180 4156 1329 4224 metropolis
1348 4159 1409 4207 inse·

305 4231 358 4280 ruit
376 4231 462 4282 minus
481 4235 563 4290 recte,
584 4245 643 4281 eum
663 4228 809 4280 wicfridus
829 4229 1004 4282 virdunensis
1017 4231 1175 4282 Trevereusi
1194 4231 1329 4282 subiectus
1349 4229 1412 4280 esset

306 4302 557 4370 archiepiscopatui.
605 4300 634 4367 b)
649 4302 821 4353 Carnotensis
835 4303 992 4355 comesfuit.
1049 4300 1079 4370 6)
1090 4305 1224 4371 Epsrnay.
1280 4301 1308 4372 7)
1319 4303 1411 4363 coucy.

306 4372 337 4442 8)
355 4390 481 4441 quemque
501 4373 530 4440 (i.
551 4391 576 4426 e.
595 4372 767 4441 Tetbaldum)
786 4374 865 4427 Flod.

1346 4513 1351 4566 l

1345 4611 1352 4680 t

1352 4681 1361 4744 lt

1357 4749 1365 4840 ll
