2938 5016
290 398 444 452 monum
462 397 715 450 msroumnuu
733 397 845 449 LIBER
863 397 903 450 11.
1125 401 1158 452 8³

55 565 122 650 quia
141 573 221 651 per⁸
242 566 392 630 ustitiam
414 566 483 630 eius
509 565 704 664 principium
730 561 849 630 utilitas
875 563 1011 650 aggredi
1037 565 1220 651 suadetur.

53 659 137 734 prout
157 647 238 714 mihi
258 647 394 731 videtur,
416 647 562 714 cohortes
583 647 705 734 aliquot
726 669 819 712 secus
838 657 979 714 montem
994 650 1028 713 in
1042 648 1159 716 abditis

51 731 210 817 ponendae
232 741 316 796 sunt.
357 731 624 820 Exspectandum
646 732 751 814 etiam,
774 753 839 818 qua
854 741 1044 818 tempestate
1059 753 1159 820 equos
1278 753 1283 760 ·

52 815 182 882 educant
202 837 359 903 agasones
386 815 555 882 herbatum
583 825 801 903 potatumque.
852 817 1012 898 Quicum
1037 818 1072 881 in
1101 839 1159 883 suo

52 907 186 986 tempore
208 901 330 986 egressi
349 901 468 966 fixerint
489 910 521 966 et
541 899 582 966 ab
605 899 863 966 observatoribus
877 921 987 965 eorum
1012 923 1159 988 egressus

52 993 78 1047 et
96 1006 248 1050 numerus
269 983 362 1049 nobis
383 984 546 1067 referetur,
574 1005 652 1048 mox
673 983 715 1048 ad
736 1005 846 1048 eorum
866 1006 1036 1050 numemm
1056 984 1159 1051 lectis·

52 1069 118 1130 simi
138 1069 271 1134 iuvenes
292 1067 419 1134 *eodem
434 1076 574 1134 scemate
589 1067 766 1154 eodemque
787 1089 931 1152 numero,
947 1069 1105 1154 capitibus
1124 1080 1208 1149 ue..
1225 1099 1277 1140 soa.

50 1151 107 1236 ipsi
127 1151 297 1238 pilleatisb,
319 1152 513 1239 farraginem
534 1153 569 1215 iu
589 1153 680 1238 equis
701 1150 744 1217 ad
758 1161 885 1238 portam
899 1153 1051 1235 deferant,
1073 1151 1159 1220 unde

50 1235 141 1318 paulo
174 1245 261 1300 ante·
279 1257 436 1322 agasones
462 1237 621 1318 exierant,
651 1238 718 1300 acsi
744 1237 808 1322 ipsi
836 1257 990 1322 agasones
1016 1236 1158 1302 redeant.

52 1319 110 1398 Qui
131 1340 205 1383 cum
228 1317 394 1385 altitudine
416 1318 641 1386 fasciculorum
662 1329 828 1405 aspectum
842 1330 1011 1406 protegere
1025 1322 1158 1406 possint,

49 1401 129 1466 facili
148 1404 298 1489 ingressu
318 1403 433 1469 urbem
454 1404 674 1489 penetrabunt.
717 1403 779 1468 Et⁰
797 1425 838 1468 ne
861 1403 938 1490 quid
960 1401 1158 1491 impossibile

49 1507 134 1552 ame
157 1487 280 1552 dietum
303 1489 483 1574 suspiceris,
505 1509 615 1552 eorum
634 1487 749 1552 ducem
770 1497 842 1552 mea
863 1489 897 1551 in
911 1486 973 1552 hoc
987 1490 1158 1554 certamine

48 1569 150 1635 offero.
194 1570 314 1636 Animo
334 1581 459 1636 tantum
481 1571 544 1635 sint
565 1572 731 1636 constanti.
783 1570 956 1636 Successus
984 1593 1060 1637 vero
1084 1572 1157 1638 Deo

46 1651 164 1720 volente
191 1677 267 1740 pros
293 1654 443 1720 arabitur.
493 1655 529 1720 si
559 1677 635 1741 crgo
662 1655 883 1739 tempestivius
910 1657 997 1720 cives
1024 1655 1158 1720 insidias

46 1737 210 1804 advertant
230 1677 412 1826 bellumque
433 1737 526 1804 nobis
546 1738 752 1825 paucioribus
771 1738 916 1823 inferant,
937 1738 1040 1804 fixum
1063 1739 1157 1804 nobis

46 1822 146 1886 animo
170 1823 222 1906 sit,
253 1833 309 1888 aut
329 1831 441 1909 portae
462 1824 642 1909 ingressum
664 1832 787 1888 tantum
816 1824 907 1906 tueri,
934 1823 1036 1889 donec
1060 1822 1157 1890 tubae

46 1903 190 1992 clangore
213 1909 370 1972 excitatae
393 1905 538 1972 cobortes
559 1907 653 1972 nobis
675 1907 874 1990 subveniant,
894 1917 950 1973 aut
963 1907 1064 1973 multa
1085 1929 1157 1973 con-

46 1992 155 2054 stantia
176 1992 212 2053 in
232 1989 304 2055 loco
326 2013 422 2078 quem
438 1992 573 2078 quisque
587 1988 765 2077 possidebit
778 1991 1024 2075 magnanimiter
1038 1994 1156 2058 emori’.

119 2091 172 2158 90.
207 2091 402 2156 Huiusmodi
422 2115 529 2158 rernm
557 2091 724 2179 dispositio
756 2093 903 2158 omnibus
925 2103 1001 2178 apta
1020 2092 1155 2158 videtur.

45 2171 271 2242 Observatores
294 2178 401 2263 itaque
417 2177 539 2259 directi,
561 2198 737 2262 agasonum
753 2175 1015 2240 consuetudinem
1033 2198 1155 2241 eorum-

45 2279 100 2343 que
121 2259 280 2344 habitum,
301 2269 428 2346 tempus
450 2282 577 2347 quoque
599 2271 631 2325 et
650 2281 818 2325 numerum
840 2259 1055 2346 promtissime
1075 2259 1156 2336 rele-

44 2353 117 2408 mnt.
160 2343 217 2408 Ad
239 2365 348 2408 eorum
372 2366 499 2430 quoque
526 2343 661 2408 relatum
689 2343 833 2408 cohortes
859 2345 894 2408 in
920 2341 1038 2407 abditis
1064 2363 1155 2407 secus

44 2437 178 2492 montem
195 2427 370 2514 dispositae
386 2439 469 2493 sunt.
511 2429 574 2492 Pro
589 2450 722 2492 numero
738 2427 834 2492 etiam
848 2447 1024 2512 agasonum
1038 2425 1154 2492 milites

44 2532 108 2574 cum
118 2521 215 2598 patre
226 2533 298 2576 meo
313 2512 430 2576 iurati‘¹
440 2511 482 2576 ad
492 2511 711 2598 peragendum
726 2512 772 2576 rei
786 2511 950 2597 negotium
965 2507 1153 2596 diriguntur.

43 2593 206 2679 Agasones
227 2596 337 2682 itaque
357 2617 489 2660 numero
522 2596 564 2660 60
591 2596 726 2682 sumptis
753 2595 850 2660 armis
871 2616 961 2660 more
983 2593 1075 2660 solito
1096 2617 1155 2680 per

43 2681 152 2744 montis
190 2678 316 2744 devexa
351 2679 509 2765 capitibus
567 2677 681 2744 illeatis
714 2679 756 2743 ad
790 2678 983 2764 farraginem
1026 2678 1155 2744 deseen-

44 2761 121 2827 dunt.
167 2763 214 2827 Et
237 2765 323 2827 eirea
343 2765 466 2828 carices
488 2701 701 2850 colligendost
724 2764 882 2888 occupati,
904 2785 1028 2828 moram
1049 2785 1154 2849 regre-

43 2844 142 2912 diendi
180 2847 412 2934 aliquantisper
445 2847 577 2912 faciunt.
634 2847 679 2911 At
711 2857 803 2933 pater
851 2867 942 2912 meus
979 2855 1012 2910 et
1042 2847 1066 2910 ii
1099 2848 1154 2934 qui

42 2929 128 2996 iurati
157 2952 235 2994 cum
257 2953 294 2996 eo
316 2939 406 2996 erant
431 2931 612 2997 vehementi
632 2931 739 2994 animo
763 2929 947 2996 succedunt.
990 2929 1153 3017 Faetoque
1244 2981 1246 2985 ,

42 3015 174 3099 agmine,
209 3013 345 3100 pilleatis
379 3015 535 3102 capitibus
567 3037 656 3080 more
688 3035 866 3100 agasonum
897 3035 971 3079 cum
991 3013 1153 3078 fasciculis

41 3095 207 3184 farraginis
222 3099 443 3186 tempestivius
459 3097 597 3164 reditum
617 3097 806 3181 accelerant,
827 3098 1047 3182 magnitudine
1061 3097 1152 3162 fasci-

42 3180 180 3247 culorum
195 3181 302 3247 vultus
315 3183 444 3268 penitus
458 3182 619 3249 abdentes.
651 3181 777 3264 Quibus
791 3181 1045 3264 advenientibus,
1060 3193 1153 3267 porta

39 3263 932 3438 diffiniit...Eisliliismliituiinetiiii.
968 3263 1152 3433 {titis}

39 3436 228 3521 magnisque
251 3431 444 3498 elamoribus
470 3433 583 3499 urbem
613 3433 811 3500 conturbant.
860 3431 985 3498 Urbani
1006 3453 1082 3516 ergo
1104 3433 1151 3495 in-

40 3517 130 3582 sidias
154 3519 399 3604 comperientes,
421 3539 494 3581 eum
516 3519 612 3582 armis
638 3519 673 3581 in
699 3515 806 3582 hostes
833 3515 985 3582 feruntur.
1028 3516 1152 3580 Instant

39 3619 153 3685 omnes,
184 3610 218 3666 et
246 3601 443 3666 validissime
475 3599 606 3688 plurimi
632 3621 753 3688 paucos
785 3600 951 3686 adurgent.
994 3599 1039 3666 At
1069 3601 1152 3686 regii

37 3684 147 3752 milites
170 3708 192 3750 a
213 3685 285 3750 leva
307 3683 436 3772 quidem
457 3685 546 3768 turri,
567 3707 587 3748 a
609 3683 723 3750 dextra
744 3707 819 3750 vero
839 3684 998 3768 domibus,
1020 3708 1040 3750 a
1060 3694 1151 3771 tergo
1231 3697 1233 3702 '

37 3778 139 3833 autem
173 3791 268 3834 muro
299 3769 389 3835 urbis
420 3768 680 3855 protegebantur,
711 3790 838 3833 omnem
870 3769 937 3833 vim
969 3767 1045 3834 belli
1066 3779 1152 3834 ante-

36 3847 204 3936 habentem
233 3853 318 3918 unde
347 3863 379 3918 et
405 3853 503 3917 tutius
530 3852 827 3939 congrediebantuu.
876 3853 945 3916 Nec
965 3851 1096 3916 ulterius
1117 3853 1152 3916 in

35 3931 138 4002 hostes
174 3935 337 4002 audebant
368 3936 541 4022 progredi,
573 3959 614 4002 ne
647 3935 821 4002 adversarii
852 3958 872 4000 a
902 3945 992 4022 tergo
1025 3945 1152 4021 portam

34 4039 204 4166 pervasam
229 4028 418 4106 repeterent,
440 4029 472 4085 et
492 4043 533 4084 ne
555 4021 602 4085 sic
615 4021 690 4085 facti
704 4018 842 4085 bostium
858 4019 956 4084 medii
976 4019 1150 4084 interirent.

49 4115 131 4170 nstat
154 4107 266 4190 itaque
288 4105 423 4191 quisque
437 4104 472 4167 in
485 4102 557 4169 loeo
573 4125 669 4191 quem
683 4103 836 4190 possidet.
879 4102 1002 4167 Etiam
1016 4101 1151 4165 nimium

88 4219 111 4273 a)
133 4224 188 4272 poet
207 4220 259 4261 aad.
334 4217 528 4271 momolenus
601 4217 622 4270 e)
638 4217 715 4267 Atque
735 4227 814 4259 eorum
830 4216 851 4256 d.
869 4217 893 4265 13
912 4227 970 4258 corr.
987 4217 1008 4269 8,
1024 4217 1062 4266 qui
1076 4217 1106 4257 nt
1124 4239 1150 4246 -

35 4280 155 4328 suspiceris
171 4279 197 4318 tn
211 4290 280 4329 mara.
296 4279 346 4322 add.
362 4279 466 4332 (td,blla
482 4287 566 4330 aum,
582 4276 694 4329 risehae.)
780 4273 803 4326 d)
820 4275 837 4316 t.
853 4275 971 4324 eliguntur
987 4277 1008 4325 1,
1083 4273 1105 4328 e)
1122 4276 1151 4315 ad

36 4333 86 4376 lotae
106 4338 225 4378 verborum
241 4338 271 4377 Et
286 4349 305 4378 e.
323 4348 342 4381 c.
359 4337 503 4386 colligendos
519 4337 543 4378 ia
557 4337 655 4387 margine
669 4336 780 4388 seruatum,
795 4335 832 4374 aad
846 4339 870 4373 ut
885 4335 969 4374 viduor
981 4339 1032 4385 poet
1047 4335 1149 4379 dublum

35 4391 94 4437 Unda
110 4398 191 4438 ettam.
251 4393 270 4448 s)
286 4407 309 4448 p.
324 4407 354 4437 m.
370 4397 421 4437 attia
435 4395 512 4436 οναείε.

878 4462 918 4526 6.
