2938 5016
282 395 438 448 menam
455 394 710 448 HISTORIARUM
728 395 841 448 LIBER
858 395 896 447 11.
1119 397 1155 448 69

45 561 123 642 fusis,
159 561 357 648 profugiens,
392 564 449 627 vix
484 571 652 647 urgentem
685 563 797 628 evasit.
840 561 992 628 Erluinus
1020 564 1156 630 victoria
1165 579 1216 624 ⁰⁴⁸·

44 647 166 730 potitus,
188 643 268 710 alios
289 655 412 722 enecat,
433 645 514 711 alios
543 647 641 734 capit,
668 644 751 710 elios'
775 646 810 710 in
838 646 947 731 fugam
976 648 1071 734 cogit.
1115 649 1155 714 In

46 750 100 826 quo
120 730 218 794 etiam
238 731 411 796 certamine
431 729 665 796 interfectorem
680 728 833 814 Wilelmi,
856 731 1003 816 quicum
1017 731 1154 797 Amulio

44 813 97 878 srbi
109 815 199 878 vim³
214 813 373 897 intulerat,
387 813 538 880 militaril
553 815 763 879 insectatione
779 813 1029 900 comprehendit.
1053 815 1153 882 Curius

44 917 148 961 mantra
171 896 375 981 obtruncans,
398 899 432 961 in
449 896 603 962 ultionem
621 897 716 963 amici
730 897 934 964 Rhodomum
954 900 1070 965 misit¹.
1103 903 1153 966 Ac

44 1002 181 1046 cesenam
202 983 321 1068 ereptis
342 983 513 1065 manubiis,
535 983 578 1046 ad
598 995 728 1068 regem⁰
750 984 917 1048 concessit.

117 1083 169 1148 39.
193 1084 277 1165 'Quo
298 1095 443 1170 tempore
458 1084 556 1170 Hugo
572 1082 641 1148 dux
662 1085 696 1148 in
717 1105 835 1170 magna
855 1086 960 1170 gratia
973 1085 1042 1170 regi
1064 1084 1151 1150 habi-

43 1177 94 1249 tus,
124 1168 196 1232 eius
225 1167 323 1232 filiam
353 1191 395 1234 ex
425 1189 515 1233 sacro
546 1167 674 1233 lavacro
704 1168 853 1267 suscepit.
900 1167 996 1234 Unde
1024 1176 1055 1232 et
1077 1190 1152 1234 eum

42 1251 112 1314 rers‘l
134 1252 279 1316 omnium
302 1251 500 1318 Galliarum¹
523 1251 639 1316 ducem
656 1253 836 1327 constiturt.
886 1253 959 1333 Quo
988 1251 1069 1318 duce
1091 1275 1151 1318 rex

42 1336 212 1421 equitatum
233 1358 359 1422 parans,
381 1359 456 1402 cum
479 1335 647 1435 Gerberga
667 1337 780 1422 regina
800 1337 834 1400 in
854 1335 1062 1422 Aquitaniam
1077 1359 1210 1423 pro-ou.

42 1417 197 1486 ficiscitur.
242 1420 292 1484 Ac
332 1420 446 1486 urbem
481 1420 687 1486 Nivermcam
729 1419 901 1486 deveniens
910 1431 932 1502 ³,
970 1420 1150 1486 Gothorum

41 1501 169 1568 ducem⁶
195 1505 444 1590 Regemundum
472 1503 771 1591 Aquitanorumque
798 1505 969 1590 precipuos
997 1503 1063 1568 illic
1095 1506 1151 1570 ob-

42 1587 103 1650 vios
124 1610 203 1654 exce
229 1589 279 1654 itf.
325 1588 426 1677 Apud
447 1611 527 1674 quos
554 1588 618 1653 des
646 1589 884 1675 provinciarum
912 1611 988 1652 cura
1012 1599 1150 1675 pertrac

41 1678 112 1754 tans,
135 1682 172 1737 nt
192 1611 341 1738 ilerumh
364 1673 471 1737 omnia
492 1675 543 1737 sui
563 1673 642 1738 iuris
664 1671 857 1755 viderentur,
885 1673 926 1738 ab
941 1674 1000 1759 ,eis
1022 1674 1151 1759 provin·

41 1754 98 1818 cias
110 1758 241 1856 recepit.
283 1756 352 1823 Nec
366 1756 488 1822 distulit
502 1777 613 1822 aarum
628 1755 934 1822 administrationem
950 1758 995 1822 eis
1011 1757 1149 1824 credere.

42 1837 203 1906 Oommimt
233 1842 342 1928 itaque
374 1863 413 1906 ac
442 1863 499 1906 suo
529 1839 613 1906 dono
647 1840 734 1906 illosi
766 1841 943 1928 principari
976 1842 1150 1926 constituit,

41 1925 121 2008 regia
141 1924 302 1991 hilaritate
323 1923 439 1991 hilares
461 1924 565 1990 redire
586 1925 788 2012 permittens3
814 1947 853 1990 ac
881 1946 954 1989 cum
981 1926 1063 1991 duce
1089 1927 1151 1992 iter

41 2006 157 2090 ipsein
179 2009 319 2074 Galliam
341 2019 538 2096 retorquens,
560 2009 711 2074 Lauduni
733 2031 802 2074 sese
824 2011 975 2096 recepit⁴.

94 2156 144 2220 40.
176 2153 333 2220 Arnulfus
356 2166 388 2221 et
408 2153 563 2304 Erluinup
583 2156 668 2282 regip
690 2157 838 2220 suasione
860 2155 894 2218 in
913 2155 1093 2219 amiciciam

506 2263 540 2304 re
565 2253 642 2306 eunt
666 2287 674 2303 .

112 2359 180 2424 Ubi
203 2382 334 2424 suorum
355 2360 527 2508 precppnos
548 2369 654 2446 preter
674 2358 789 2424 ducem
804 2357 877 2422 colli
902 2381 967 2440 ens,
989 2358 1079 2444 apud
1093 2380 1148 2424 eos

39 2441 157 2543 agebat,
178 2445 329 2544 quatinus
350 2445 412 2508 viri
468 2467 489 2507 u

491 2453 570 2509 stres
591 2442 743 2508 Arnulfus
764 2453 859 2542 atque
911 2441 1032 2508 rluinus
1051 2443 1148 2508 facta-

40 2547 101 2588 rum
114 2550 304 2592 rmurrarum
318 2529 510 2594 inmemores
522 2528 635 2594 tierent
645 2550 683 2592 ac
695 2529 729 2591 in
739 2525 953 2592 benrvolentia
968 2528 1147 2611 unirentur3

41 2611 96 2674 suis
117 2613 215 2678 rebus
236 2613 471 2700 prosperiorem
494 2622 646 2677 eventum
673 2611 782 2677 deberi
811 2620 898 2676 ratus
920 2633 1052 2676 suorum
1075 2633 1148 2677 con-

41 2693 149 2759 cordia.
194 2696 388 2762 Convocatis
409 2698 517 2782 itaque
539 2695 579 2761 de
600 2696 748 2760 amicicia
762 2695 889 2778 suadet3
913 2718 981 2762 sese
995 2697 1078 2761 inter
1092 2718 1148 2761 eos

39 2776 169 2845 iudicem
189 2781 317 2866 penitus
339 2781 533 2867 aequitatem
551 2781 677 2880 utrique
697 2781 780 2866 parti
794 2780 953 2844 facturum
967 2779 1147 2867 pollicensi.

41 2858 222 2930 Concedunt
242 2865 350 2963 itaque
371 2885 410 2928 ac
431 2865 544 2928 iussis¹
565 2866 662 2949 regiis
683 2874 836 2950 parentm.
878 2864 1038 2951 Datisque
1060 2863 1149 2929 vadi-

39 2943 100 3028 bus,
122 2971 140 3012 e
164 2949 273 3014 uitatis
300 2969 371 3013 rura
397 2957 600 3014 exsecuntur.
643 2949 715 3014 Rex
743 2969 815 3012 cum
841 2949 921 3012 utris
945 2970 985 3012 ue
1014 2947 1147 3032 faveret,

40 2971 207 3113 quamlibet
233 3033 360 3120 utrique
387 3031 608 3098 liberalitatem
638 3032 782 3098 conferre
811 2971 1034 3098 meditabatur.
1084 3033 1149 3114 Qui

39 3133 103 3178 cum
123 3115 298 3181 Amulium
319 3115 360 3180 de
380 3117 675 3203 recompensatione
696 3139 802 3182 rerum
830 3126 1011 3202 ereptarum
1036 3127 1148 3182 nutare

39 3216 72 3260 ac
89 3199 259 3266 Erluinum
280 3201 449 3265 instantius
471 3202 589 3265 amissa
609 3209 753 3287 repetere
768 3200 946 3266 adverteret
978 3199 1148 3264 Arnulfirm

39 3301 157 3428 quoque
180 3285 303 3348 maiora
323 3285 552 3367 restituturum,
585 3307 622 3349 eo
653 3285 739 3372 quod
767 3285 835 3369 ipse
864 3249 1019 3369 ampliore
1041 3305 1148 3348 rerum

58 3367 199 3453 ispcndio
221 3366 390 3432 Erluinum
412 3369 563 3450 affecerit,
592 3366 725 3434 Erluino
747 3366 942 3432 Ambianum
967 3367 1001 3429 in
1026 3387 1147 3431 recom-

39 3455 217 3533 pensatione
239 3453 429 3517 amissorum
451 3473 510 3538 pro
532 3451 666 3516 Arnulso
684 3451 851 3517 concessit.
896 3450 1012 3536 Sicquc
1026 3449 1147 3516 factum

40 3545 89 3616 est,
109 3547 145 3602 ut
171 3535 305 3601 Erluino
332 3558 390 3601 sua
417 3536 659 3602 restituerentur
679 3541 734 3602 *et
754 3533 888 3600 Amulio
917 3556 975 3599 sua
1002 3555 1067 3598 non
1088 3535 1213 3601 mi-nor.
1229 3557 1273 3602 εν.

38 3629 230 3686 nuerentma
279 3621 377 3720 Regis
404 3622 512 3708 itaque
540 3620 697 3689 industria
724 3623 759 3686 in
785 3619 964 3684 amiciciam
994 3620 1147 3704 revocati,

39 3703 120 3788 regia
140 3706 270 3790 negotia
291 3703 407 3770 exrnde
430 3703 593 3770 curabant.

90 3901 112 3954 a)
130 3906 208 3955 coplas
225 3907 245 3945 1.
305 3902 329 3956 b)
346 3905 362 3947 Ι,
377 3915 409 3947 m.
426 3905 447 3946 1.
522 3903 543 3957 c)
560 3915 612 3947 sace
627 3905 677 3945 add.
695 3907 714 3948 1.
790 3902 814 3956 d)
835 3905 948 3946 Francius
963 3915 1022 3944 corr.
1039 3914 1058 3944 r.
1075 3914 1097 3945 o.
1115 3902 1145 3944 G.

39 3957 58 4009 e)
78 3962 124 4003 dux
148 3966 167 4006 1.
235 3962 254 4015 t)
273 3962 355 4003 habult
378 3965 399 4003 1.
465 3960 489 4013 ς)
509 3964 538 4004 de
560 3974 633 4014 regno
658 3965 676 4005 1.
744 3961 768 4014 h>
790 3973 833 4004 sus
856 3975 877 4005 o.
900 3964 947 4006 ald.
972 3965 992 4003 ι.
1052 3961 1071 4012 t)
1093 3966 1146 4012 post

39 4019 229 4123 pgdrirenmffirl.
245 4022 288 4076 ast,
303 4022 331 4062 dc
346 4022 403 4064 abac.
463 4023 481 4074 1)
498 4023 535 4063 dte
549 4023 757 4072 aeriter-mmmm.
833 4020 864 4073 m)
883 4023 967 4062 cedunt
983 4023 1004 4062 1.
1060 4019 1086 4071 n)
1103 4021 1145 4062 ml-

106 4229 135 4298 1)
147 4229 291 4298 amputatis
305 4230 428 4283 manibus
443 4229 529 4298 ipsias
541 4230 688 4282 Rodomam
707 4228 850 4281 transmitit
864 4227 942 4280 Flod.
1018 4226 1047 4292 2)
1061 4242 1109 4279 rea
1122 4226 1147 4278 ci

39 4299 299 4357 duectaml'raociae
308 4305 438 4372 delcyorit
447 4304 526 4356 Flod.
583 4304 613 4372 3)
622 4304 700 4356 Haec
710 4304 841 4354 Richems
851 4301 961 4354 adiecit.
1018 4300 1145 4366 h)rcoer-

40 4373 98 4426 titur
114 4375 145 4428 in
162 4376 308 4430 manaem
326 4377 415 4444 moa,
434 4380 481 4446 qui
500 4379 641 4445 sequentia
659 4377 777 4428 breviter
795 4381 893 4428 namet.
