2936 5010
287 378 441 434 RIOHERI
459 377 709 432 HISTORIARUM
728 379 838 431 LIBER
856 380 926 432 1111.
1111 381 1161 432 143

55 569 152 631 gnum
177 547 377 613 ordinaturus
403 548 472 632 ipse
495 543 665 631 colligeret.
708 547 799 611 Tunc
824 549 920 613 etiam
946 546 1084 614 Karolus
1128 565 1221 613 11111

55 631 174 695 111111ει
195 632 330 698 11111111
340 653 413 696 oum
428 631 571 696 exercitu
585 629 626 694 ad
641 639 749 715 portas
763 631 851 698 urbis
865 631 1060 698 adveniretl.
1123 655 1161 697 eo

55 724 128 778 tunc
148 713 271 780 deesset
293 717 348 802 qui
370 715 524 780 exercitui
546 715 696 779 11111111ο
717 724 826 800 portas
847 715 1011 801 panderet,
1040 717 1160 782 iuratus

56 799 163 862 secreti
181 798 278 864 fidem
287 801 310 863 ⁶.
346 799 516 863 Exercitus
530 799 730 862 intromissus
749 799 860 864 urbem
879 799 1045 866 invaderet
1066 811 1162 887 atque

46 904 123 946 sese
147 903 219 946 cum
268 883 434 948 rimatibus
457 880 596 947 collectis
624 881 914 968 comprehenderet,
940 884 1006 947 vim
1034 883 1163 948 inferret

56 987 95 1030 ac
115 987 202 1051 ergas
251 965 499 1032 ordenatores
541 966 653 1052 Itaque
678 966 798 1031 factum
825 966 916 1048 foret,
945 976 1033 1032 utet
1055 969 1274 1054 *regienses

55 1059 191 1134 potestas
211 1050 433 1134 infirmaretur,
457 1060 488 1115 et
507 1058 620 1135 patruo
642 1051 742 1115 virtue
765 1050 949 1114 dominandi
971 1061 1162 1136 augesceret,

55 1155 113 1198 111
145 1136 215 1220 ipse
252 1134 393 1199 desertor
428 1133 618 1200 videretur„
663 1134 759 1215 Quod
795 1144 826 1199 11
861 1135 1008 1200 effectum
1043 1133 1162 1199 habuit.

70 1219 131 1300 34.)
166 1216 225 1282 (1.1
248 1228 279 1284 11
293 1219 332 1284 V.
355 1218 485 1283 comites
507 1225 539 1282 at
562 1239 602 1282 ue
623 1216 702 1282 alios
723 1218 1021 1283 1111111111111111Γ
1041 1219 1163 1284 invitat.

87 1300 213 1366 uiddam
235 1325 388 1389 magnum
410 1324 478 1367 sese
501 1239 730 1383 ordinaturum,
751 1302 898 1385 mandat3
920 1301 1005 1367 unde
1032 1313 1064 1367 et
1084 1302 1161 1366 mul-

56 1394 120 1450 tum
140 1387 185 1450 eis
206 1386 440 1452 maturandum.
473 1383 523 1449 Illi
545 1386 612 1450 sine
634 1384 784 1450 dilatione
798 1385 1003 1469 advenerunt,
1025 1389 1059 1451 in
1074 1387 1162 1452 obse-

58 1469 128 1555 quio
156 1470 277 1535 domini
303 1471 520 1557 paratissimos
548 1491 582 1533 11
611 1468 871 1534 demonstrantes.
921 1469 1073 1534 Arnulfus
1101 1469 1163 1534 alia

57 1575 112 1638 pro
132 1553 201 1618 aliis
223 1555 312 1637 dans,
335 1553 422 1640 quod
437 1575 512 1618 vere
527 1552 655 1617 molitur
693 1555 795 1618 enitus
810 1553 996 1618 dissimulat.
1018 1553 1071 1618 Ad
1086 1553 1163 1640 quid

58 1639 157 1722 potius
179 1638 331 1720 intendat,
355 1660 465 1703 omnes
485 1639 495 1700 i
520 1646 641 1702 norant.
706 1637 739 1701 ni
760 1645 891 1718 tantum,
914 1636 953 1701 de
975 1638 1066 1702 cuius
1088 1639 1161 1702 taci-

59 1723 201 1787 turnitate
224 1732 255 1787 et
275 1721 338 1786 fide
359 1743 424 1785 non
445 1723 475 1786 d·
514 1720 618 1802 debat,
640 1720 674 1785 id
696 1729 796 1786 totum
825 1719 971 1786 credulus
997 1722 1162 1786 commisit.

60 1803 127 1884 Qua
154 1814 246 1870 nocte
274 1805 434 1870 Karolusss
461 1806 739 1871 intromittendusll
769 1816 860 1888 esset,
890 1829 909 1870 a
933 1807 1023 1872 eruit.
1066 1806 1109 1870 Et
1130 1815 1164 1870 ut

59 1895 131 1953 timo
150 1899 313 1975 portarum
335 1889 440 1955 claves
462 1909 482 1953 1
503 1911 560 1954 suo
577 1889 724 1954 cervicali
737 1888 859 1955 tolleret
873 1827 985 1954 urbem
1008 1913 1049 1954 ue
1064 1913 1164 1954 arma-

60 1973 97 2036 tis
117 1974 259 2071 aperiret,
282 1975 382 2038 iussit.
425 1972 494 2038 Nec
515 1971 614 2038 multo
636 1984 710 2059 post
736 1995 802 2038 nox
824 1975 876 2038 cui
903 1974 963 2038 hoo
987 1913 1165 2039 debebatur

58 2053 208 2141 flagitmm
235 2057 333 2123 affuit.
368 2056 506 2122 Karolus
533 2079 606 2121 cum
627 2059 770 2124 exercitu
791 2067 856 2122 tem
880 2079 933 2122 ore
955 2057 1106 2144 deputato
1124 2058 1165 2122 ad

59 2149 160 2223 portas
182 2142 270 2206 urbis
292 2152 464 2207 nocturnus
485 2141 584 2206 affuit.
620 2140 756 2226 Algerus
778 2080 998 2227 presbiter-
1020 2143 1065 2206 sic
1081 2143 1164 2206 enim

59 2223 226 2290 vocabatur
256 2263 298 2274 --
324 2227 495 2290 introrsum
518 2247 590 2288 cum
620 2223 761 2290 clavibus
790 2248 823 2291 se
844 2234 1024 2310 presentem
1045 2224 1164 2292 habuit.

59 2307 100 2369 Α“1
129 2309 203 2394 quoi
230 2309 320 2373 moui
352 2319 463 2396 portae
497 2308 675 2394 patefactae
704 2319 778 2374 sunt
816 2308 973 2374 exercitus
997 2331 1037 2373 ue
1068 2311 1164 2373 intro-

14 2439 15 2444 .
59 2392 176 2457 missus.
220 2393 305 2459 Urbs
327 2415 454 2479 quoque
476 2415 495 2457 a
516 2392 709 2478 predonibus
731 2393 855 2478 direpta
876 2401 907 2458 et
929 2329 1075 2478 spidiata.

303 2493 353 2559 35.
396 2493 538 2559 mnuifii
560 2517 750 2582 suorumque
772 2495 877 2580 captio
886 2496 910 2558 l.

14 2643 15 2646 κ
137 2595 228 2662 Unde
258 2618 331 2661 cum
358 2595 477 2661 clamor
504 2618 563 2682 per
588 2595 700 2662 urbem
732 2596 823 2662 fieret
856 2595 1073 2683 tumultusque
1102 2595 1164 2660 dis-

14 2707 15 2738 ;
62 2681 245 2745 currentium
269 2682 355 2744 cives
376 2680 520 2745 incautos
535 2681 697 2764 excitaret,
719 2681 872 2746 Amulius
888 2703 988 2768 aeque
1003 2679 1164 2746 turbatum

62 2759 189 2829 clamore
212 2786 280 2830 sese
303 2763 439 2829 simulat.
475 2764 519 2828 Et
540 2763 663 2850 lingens
685 2775 815 2850 metum,
837 2767 950 2830 turrim
964 2765 1056 2851 petiit
1069 2772 1164 2850 atque

62 2848 245 2913 conscendit
282 2848 387 2929 Quem
409 2849 553 2913 comites¹
575 2851 691 2932 secuti,
713 2860 787 2935 post
808 2872 841 2914 se
864 2851 945 2914 ostia
966 2849 1164 2915 obseravere.

62 2926 191 2997 Karolus
212 2931 383 2996 Arnulfum
404 2933 593 3019 perquirens
615 2955 674 2998 nec
694 2935 865 3020 reperiens,
892 2933 1023 2998 ubinam
1044 2932 1164 3014 lateret,

63 3015 262 3081 scrutabatur.
306 3015 367 3082 Oui
395 3038 467 3081 cum
494 3017 681 3102 proderetur
701 3020 735 3082 in
756 3019 851 3084 turris
874 3018 1037 3082 cacumine
1058 3015 1164 3098 latere,

64 3100 134 3164 ostio
161 3122 239 3165 mox
267 3100 412 3166 custodes
439 3100 593 3166 adhibuit.
643 3102 687 3166 Et
713 3103 863 3188 quoniam
891 3123 950 3166 nec
978 3101 1084 3166 cibum
1106 3122 1165 3165 nec

63 3201 142 3248 arma
176 3194 249 3250 ante
290 3207 350 3250 con
373 3195 537 3268 esserant,
577 3183 698 3250 Karolo
735 3187 852 3250 cedunt
900 3194 996 3270 atque
1032 3207 1051 3248 a
1086 3184 1165 3248 turri

64 3271 172 3350 egressi
200 3276 281 3333 sunt.
340 3208 420 3356 (16.)
469 3268 549 3334 Oom
574 3269 762 3356 rehensique
791 3279 822 3334 et
848 3267 1039 3332 Laudunum
1067 3267 1164 3348 ducti,

65 3351 238 3418 custodibus
261 3351 404 3438 deputati
430 3362 513 3418 sunt.
551 3291 674 3418 llarolo
700 3355 851 3418 redeunte
880 3361 912 3416 et
938 3350 1035 3416 fidem
1056 3351 1097 3415 ab
1119 3351 1163 3415 eis

64 3447 220 3520 querente,
253 3437 471 3502 unanimiterm
492 3435 556 3502 refr
598 3447 700 3502 antur.
757 3437 875 3504 Odium
901 3457 977 3521 ergo
1006 3435 1165 3520 utrimque

64 3517 211 3586 simulant.
254 3521 349 3586 Pium
370 3521 519 3586 affectum
540 3545 561 3584 1
606 3522 744 3586 omodo
765 3520 913 3608 produnt.
956 3518 1008 3583 Ab
1030 3529 1165 3605 utroque

64 3605 252 3747 querimonia
279 3603 430 3670 nonnulla
458 3605 681 3688 simulabatur,
715 3627 752 3671 eo
785 3605 871 3692 quod
903 3602 982 3670 alter
1013 3603 1163 3686 desertor,

91 3694 133 3751 ter
163 3689 291 3754 invasor
323 3687 450 3754 alterius
482 3689 522 3754 ab
554 3699 688 3788 utroque
720 3691 964 3755 enuntiareturss.
1021 3688 1165 3753 Tandem

64 3765 226 3838 Amulfus0
249 3781 445 3839 sacramento
466 3771 563 3838 fidem
591 3773 722 3856 faciens,
751 3774 895 3840 libertate
923 3774 1044 3860 potitus
1066 3779 1166 3839 estet

64 3851 99 3917 ad
127 3878 184 3922 sua
210 3878 365 3923 reversus.
418 3855 537 3923 Karolo
565 3856 681 3922 exinde
711 3857 744 3921 in
774 3858 920 3923 omnibus
948 3857 1056 3922 favit².
1110 3855 1165 3919 Ius

116 3981 138 4035 1)
154 3985 215 4024 notis
228 3995 286 4025 corr.
303 3984 384 4025 noctis.
467 3981 491 4035 b)
508 3983 599 4025 adesset
615 3986 636 4026 l.
720 3983 740 4036 1)
758 3986 834 4025 ruenti
850 3986 871 4026 1.
952 3981 976 4034 d)
993 3985 1106 4024 secretum
1122 3981 1165 4020 hoc

65 4046 180 4091 numquam
195 4044 339 4094 proditurum
355 4044 374 4083 1.
442 4041 464 4094 1)
482 4043 582 4084 custodie
597 4054 704 4094 uipereor.
721 4045 846 4092 ergastulo.
911 4040 990 4094 i).'uc‘.
1004 4053 1022 4083 c.
1086 4037 1109 4090 g)
1127 4048 1165 4080 ex·

65 4101 139 4142 11111111
157 4113 264 4152 asportor.
283 4103 312 4144 K.
393 4099 416 4152 h)
438 4102 614 4142 intromitendus
635 4114 652 4144 c.
737 4101 753 4154 i)
773 4107 824 4152 post
847 4101 896 4144 add.
983 4096 1008 4150 k)
1029 4099 1044 4152 i,
1065 4109 1079 4148 p
1106 4097 1163 4138 1111.

66 4151 81 4204 ¹)
95 4161 184 4202 comites
199 4173 217 4202 1.
292 4158 323 4212 m)
339 4160 488 4202 unamtmitor
502 4171 559 4204 corr.
575 4162 678 4203 unanim.
756 4159 781 4212 1)
799 4161 957 4211 prediceretur
971 4168 1077 4207 euperem.
1095 4167 1165 4197 enun-

66 4213 159 4263 timetur.
220 4218 242 4273 o)
258 4221 380 4271 episeopus
395 4229 501 4270 cuperem.
518 4217 557 4261 Ar.

133 4312 160 4382 1)
180 4314 344 4368 Gislobertus
371 4320 397 4366 et
415 4315 493 4378 Vido,
519 4319 549 4365 ut
572 4315 686 4381 videtur,
715 4314 748 4366 de
773 4314 868 4380 quibus
889 4311 971 4364 Cone.
997 4313 1072 4364 Rem.
1094 4327 1117 4364 c.
1138 4313 1163 4363 d.

70 4388 154 4450 agitur.
229 4386 256 4454 2)
276 4387 316 4440 cf.
338 4387 460 4440 (letberti
474 4389 551 4455 epist.
566 4389 626 4453 193,
644 4407 670 4456 p.
687 4388 752 4438 109:
773 4387 892 4440 Necdum
906 4403 923 4436 a
936 4402 986 4437 111
999 4383 1164 4438 ordinatione

69 4467 146 4512 111111
164 4459 258 4514 mentia
275 4461 380 4528 elapsus
399 4469 464 4526 erat,
484 4467 508 4514 et
520 4477 574 4515 ecce
593 4460 671 4528 quast
689 4466 825 4529 tempestae
843 4460 933 4513 urbem
946 4459 979 4511 ab
993 4475 1022 4512 11
1029 4457 1165 4526 proditam
