2938 5016
283 435 437 488 RIOHERI
456 437 708 491 HISTORIARUM
726 439 838 492 LIBER
856 439 895 492 11.
1117 439 1151 492 81

51 622 115 685 ergo
136 602 294 702 oppidum
315 603 372 666 ina
391 604 462 688 ipso
484 603 675 690 crepusculo
779 627 879 690 ossae,
907 607 1074 694 repentina
1095 629 1150 693 op·
1165 627 1218 669 aas.

50 695 230 769 pugnatione
252 687 499 786 circumquaque
519 688 681 754 infestant.
768 699 851 754 stant
872 713 999 778 quoque
1020 713 1152 778 magne·

49 767 159 833 nimiter
181 791 307 855 capere.
349 769 394 834 Et
408 792 483 856 qma
497 793 609 836 revera
631 771 747 836 milites
765 774 976 858 paucissimos
997 797 1151 862 armaque

49 852 94 914 vix
122 852 230 941 aliqua
261 854 416 935 sciebant,
449 853 666 920 indesinenter
699 856 784 921 vires
820 868 955 923 exerunt
989 860 1150 946 armisque

47 934 201 1022 adurgent.
245 938 290 1001 At
312 936 382 1002 aliis
403 938 554 1036 fatigatis,
576 937 631 1002 alii
657 941 769 1004 intacti
795 941 977 1006 succedunt.
1030 941 1150 1028 Sicque

47 1020 104 1083 sine
122 1021 356 1085 intermissione
377 1023 589 1107 pauclssimos
615 1024 777 1088 numerosi
801 1032 949 1090 atterunt.
984 1025 1148 1110 Oppidani

48 1123 110 1167 vero
130 1105 261 1169 assidua
282 1106 518 1204 expugnatione
539 1106 648 1189 attriti,
669 1106 720 1170 die
742 1105 840 1172 altera
854 1109 919 1172 iam
934 1106 999 1174 sole
1014 1109 1150 1174 occiduo

46 1206 141 1252 omnes
158 1211 232 1252 cum
247 1187 376 1254 dommo
391 1188 434 1253 ad
448 1189 641 1256 deditionem
657 1199 822 1276 coguntur.
850 1191 908 1256 Inb
924 1214 987 1280 quo
1002 1191 1149 1275 tumultu,

47 1291 98 1354 quo
130 1293 250 1358 genere
282 1273 376 1358 fugae
408 1275 563 1355 nescitur,
594 1273 693 1360 Hugo
720 1273 889 1340 abdicatus
918 1275 1033 1342 evadit.
1078 1276 1196 1340 *De‘n
1214 1289 1266 1332 ⁶0⁷·

45 1352 185 1422 militibus
212 1378 289 1421 vero
311 1357 367 1443 qui
386 1357 527 1443 potiores
548 1356 740 1423 videbantur
761 1359 931 1445 capiuntur
959 1381 1007 1443 ac,
1030 1359 1149 1446 oppido

45 1435 103 1502 aliis
124 1440 294 1526 deputatis,
315 1441 386 1526 regi
408 1440 619 1506 deducuntur.

296 1578 346 1644 84.
379 1579 451 1643 Rex
471 1579 615 1644 Montem
636 1579 779 1644 Acutum
801 1580 897 1666 capit.

115 1697 206 1763 Rex¹
240 1720 317 1763 vero
349 1708 490 1764 castrum
523 1700 611 1786 quod
639 1698 757 1766 dicitur
783 1700 877 1766 Mons
899 1697 1031 1782 Acutus,
1085 1701 1151 1766 uod

44 1781 128 1844 etiam
156 1793 206 1846 est
233 1781 391 1847 Lauduno
420 1785 620 1870 contiguum,
654 1805 728 1848 cum
761 1785 904 1849 exercitu
917 1804 1083 1932 oppugna
1107 1793 1149 1849 at.

45 1861 80 1926 Et
99 1867 174 1950 quia
193 1887 260 1930 non
281 1868 357 1932 satis
378 1865 484 1932 adhuc
513 1889 678 1931 murorum
706 1868 906 1934 firmamento
929 1867 1148 1951 condebatur,

44 1969 93 2011 nec
120 1949 291 2015 multitudo
326 1950 464 2015 militum
492 1951 654 2016 sulliciens
686 1952 854 2017 commode
885 1951 931 2016 ibi
965 1951 1148 2018 cohabitare

44 2039 166 2116 poterat,
202 2056 241 2098 ur
264 2035 329 2099 enti
364 2033 523 2100 obsidioni
559 2034 678 2100 diutius
714 2037 860 2102 resistere
897 2036 1051 2121 oppidani
1082 2058 1148 2100 non

42 2117 204 2211 patiuntur.
269 2119 324 2184 icti
346 2141 422 2204 ergo
444 2119 562 2206 cedunt
583 2141 622 2184 ac
643 2120 789 2185 resistere
804 2121 981 2206 quiescunt.
1014 2118 1066 2204 Op
1092 2119 1146 2183 ido

41 2207 137 2285 daque
167 2211 273 2288 capto,
302 2225 360 2267 rex
387 2224 462 2267 suos
492 2203 624 2289 deputat
651 2211 683 2268 et
711 2205 757 2266 sic
783 2204 957 2268 exercitum
987 2202 1058 2265 Lau
1081 2224 1146 2266 uno

42 2281 170 2368 inducit;
204 2284 404 2352 obsidionem
431 2309 490 2372 per
522 2286 594 2351 loca
623 2285 793 2351 commoda
825 2286 967 2433 disponit
997 2287 1144 2370 viresque

40 2366 205 2433 admodum
227 2369 420 2435 confert⁰·².
465 2369 679 2456 *Saepissime
701 2371 846 2434 eminusd
891 2377 1065 2433 coartatum
1087 2377 1216 2436 est‘ror.
1233 2386 1283 2430 aa.

42 2447 220 2516 Comminus
242 2455 339 2518 etiam
360 2452 546 2518 dimicatum
569 2455 689 2519 novies.
732 2451 826 2517 Nullo
842 2474 918 2518 vero
933 2451 1145 2550 prosperioris

39 2532 174 2600 fortunae
201 2559 352 2603 successu
379 2539 487 2623 regius
515 2539 653 2624 impetus
683 2559 720 2602 eo
745 2547 890 2623 tempore
916 2536 1039 2602 eniturt.
1082 2535 1146 2600 Im·

41 2620 172 2686 minebat
186 2622 304 2685 etenim
318 2620 431 2685 hiemis
445 2622 659 2707 intemperies,
682 2621 766 2687 unde
786 2631 817 2686 et
831 2619 964 2686 bellicae
979 2619 1146 2685 machinae

40 2700 85 2764 ine
115 2704 251 2770 articulo
283 2705 437 2791 temporis
468 2705 617 2770 fabricari
646 2727 711 2770 non
739 2714 895 2792 poterant,
929 2705 996 2769 sine
1028 2703 1144 2791 quibus

39 2789 110 2850 tanti
131 2790 248 2853 montis
270 2789 442 2854 eminentia
463 2789 644 2876 expugnari
664 2811 729 2853 non
753 2798 868 2875 potest.
917 2789 965 2854 Re
990 2789 1015 2852 ’s
1037 2791 1145 2875 itaque

40 2867 119 2935 iussu
141 2875 301 2938 exercitus
323 2871 416 2954 redit,
445 2872 549 2938 hieme
576 2881 735 2938 transacta
762 2873 931 2938 rediturus.
1005 2893 1045 2936 ex
1066 2893 1144 2937 vero

40 2949 139 3018 Remis
161 2979 230 3021 sese
251 2957 433 3042 privatum(¹
454 2957 585 3042 recepit.

115 3076 166 3140 85.
198 3075 297 3162 Hugo
318 3085 426 3142 autern
455 3075 531 3159 dux,
560 3077 786 3162 episcoporum
813 3077 983 3142 anathema
1009 3076 1145 3162 vilipen-

39 3155 109 3221 dens
131 3181 168 3223 ac
189 3162 259 3258 regi
280 3161 375 3226 subdi
397 3169 635 3247 contempnens,
658 3182 731 3224 cum
752 3159 860 3224 multis
875 3159 1145 3225 Nortmannorum

40 3242 135 3326 copiis
168 3245 311 3329 regram‘¹
347 3243 461 3310 urbem
498 3243 721 3310 Suessonicam
761 3266 804 3328 ag
828 3241 948 3308 reditur
982 3242 1082 3308 multa
1104 3264 1145 3306 uc

39 3322 197 3392 obsidione
219 3329 345 3414 premit.
379 3327 469 3392 Alios
491 3329 536 3393 ita
558 3350 598 3393 ue
619 3327 772 3392 adorsusf
804 3265 897 3391 ladio
920 3335 1039 3408 enecat,
1109 3346 1144 3389 os

39 3428 107 3472 vero
128 3410 214 3476 nube
235 3414 424 3497 sagittarum
446 3434 484 3477 ac
505 3413 547 3478 ba
561 3413 690 3477 'stamm
711 3351 868 3477 loetaliter
882 3409 1011 3474 sauciat
1043 3409 1145 3473 Iniec-

37 3489 135 3578 tisque
163 3493 266 3561 iaculo
298 3495 437 3582 ignibus,
471 3495 603 3561 domum
629 3497 739 3560 matris
767 3493 939 3560 aecclesiae
969 3491 1143 3558 succendit.

40 3571 278 3666 Claustrumque
298 3581 523 3645 canonicorum
542 3602 580 3646 ac
598 3590 723 3665 partem
740 3579 877 3645 civitatis
896 3577 1050 3643 maiorem
1065 3577 1144 3662 igni-

38 3653 91 3723 bus
113 3661 180 3727 solo
202 3673 294 3728 tenus
316 3664 499 3730 combussit.
544 3667 650 3748 Quam
672 3683 746 3727 cum
760 3685 876 3750 capere
890 3683 955 3726 non
969 3670 1088 3748 posset,
1111 3663 1146 3724 in

37 3762 156 3828 pagum
180 3747 379 3831 Remensem,
410 3747 467 3812 ubi
497 3769 556 3812 rex
580 3758 656 3814 tunc
684 3747 827 3833 privatus
859 3747 1054 3828 morabatur,
1085 3745 1146 3810 iter

37 3827 229 3896 momentus
250 3829 384 3897 reflectit
391 3843 415 3896 Β.
460 3829 559 3898 Cuius
580 3831 753 3897 adventum
774 3832 797 3895 ii
819 3831 875 3917 qui
895 3830 962 3895 ruri
987 3827 1147 3915 degebant

35 3912 206 3997 audientes,
227 3915 261 3979 in
281 3914 452 3981 aecclesias
473 3925 656 3981 sanctorum
671 3936 744 3979 cum
759 3916 825 3980 suis
840 3915 936 3980 rebus
951 3913 1146 3997 confugiunt.

36 3992 78 4058 At
97 3997 241 4063 tirannus
255 4020 434 4086 pauperum
449 4000 551 4066 turbis
565 3999 789 4081 inmisericors,
812 3999 945 4064 eorumd
959 3996 1031 4082 plus
1047 4016 1143 4080 quam

92 4165 116 4218 ²)
134 4168 185 4210 Μ·
202 4180 232 4210 οι,
246 4173 297 4220 poet
312 4170 362 4212 add.
397 4169 421 4222 b)
437 4171 532 4220 Hugonl
548 4171 615 4212 datur
631 4181 642 4210 r
656 4169 748 4209 nerthen
762 4173 865 4219 coeptam.
896 4165 917 4218 c)
935 4166 1039 4207 conterre

34 4226 214 4326 ξέζὲιξξιιιίοτη.
289 4227 312 4280 d)
326 4234 376 4279 poet
390 4231 440 4270 odd.
513 4230 535 4282 e)
551 4231 576 4272 tn
591 4241 613 4273 a.
629 4233 645 4271 t.
660 4229 684 4268 ta
699 4239 768 4278 mara,
840 4225 958 4278 necorr.
1029 4221 1052 4277 ς)
1069 4233 1099 4266 m,
1115 4226 1149 4264 tr,

111 4414 142 4482 l)
168 4417 231 4470 Dua
251 4417 390 4472 Uonrodur
415 4419 493 4474 Flod.
533 4442 536 4448 ¹
578 4419 606 4487 2)
635 4421 713 4471 Haec
731 4417 871 4471 Richards.

893 4503 913 4566 6
