2938 5016
287 371 322 422 80
548 371 700 424 RICHERI
720 369 971 424 maronianum
989 367 1102 420 LIBER
1121 366 1159 420 11.

231 556 273 596 ⁸⁴⁸
289 541 385 604 etiarn
418 537 529 604 sinodo
563 539 667 622 agitur
699 537 739 602 dc
770 538 940 624 episcopis,
974 537 1030 623 qui
1061 557 1135 599 cum
1168 536 1251 599 duce
1281 531 1402 598 evocati

289 625 377 688 fuere
406 633 438 689 et
467 620 656 686 distulerunt
684 623 802 704 venire,
831 621 871 686 de
896 621 935 684 iis
963 621 1060 686 etiarn
1111 619 1144 688 ui
1173 615 1401 682 consecrationi

289 707 435 806 Hugonis
457 706 601 793 episcopi
623 707 686 770 iarn
708 704 849 770 abdicati
870 702 977 770 illicite
1006 705 1072 768 inte
1104 711 1249 784 uerunt1,
1276 699 1331 764 vel
1352 699 1402 784 qui

290 789 331 853 ab
352 813 423 876 rpso
445 789 538 876 pulso
560 789 611 854 uel
633 799 705 875 post
733 789 883 856 abdicato
912 797 1022 852 contra
1048 787 1097 851 fas
1118 785 1316 851 videbantur
1335 804 1402 868 pro-

180 897 274 942 motas
289 875 376 938 moti.
419 875 623 940 Damnantur
645 875 787 1020 *italluel
809 873 872 938 duo
894 871 1162 957 pseudoepiscopi
1184 869 1227 933 ab
1247 866 1402 954 nugonei

291 957 435 1040 ordinati,
465 956 639 1024 Tetbaldus
668 957 711 1020 sc‘
726 959 788 1021 icet
816 966 847 1022 et
876 956 943 1038 Iv0,
981 977 1118 1042 quorum
1148 955 1239 1039 prior
1267 975 1288 1016 a
1340 950 1402 1014 ulso

291 1053 430 1108 sacratus
453 1052 500 1106 est
522 1041 787 1106 Ambianensium
809 1063 826 1104 c
851 1041 990 1126 iscopus,
1012 1037 1093 1104 alter
1106 1059 1183 1102 vero
1199 1037 1241 1101 ab
1258 1036 1301 1101 ab
1325 1037 1402 1098 icato

291 1124 514 1190 Silletensium.
557 1126 735 1189 Damnatus
751 1135 782 1190 et
796 1063 981 1188 Adelelmus
995 1121 1219 1186 Laudunensis
1234 1119 1403 1186 aecclesiae

292 1207 452 1290 diaconus,
489 1233 508 1274 a
540 1207 676 1272 Rodulfo
710 1231 767 1272 suo
800 1209 974 1294 episcopo⁰
1006 1204 1219 1286 insimulatus,
1253 1226 1292 1270 eo
1324 1200 1403 1289 quod

291 1293 481 1359 Tetbaldurn
504 1293 813 1357 excommunicatum
835 1293 869 1354 in
890 1289 1078 1356 aecclesiam
1101 1289 1292 1356 temerarius
1314 1289 1403 1351 intro-

292 1375 427 1442 duxerit.
471 1377 517 1440 Hi
538 1376 622 1440 enirn
638 1377 671 1439 in
685 1377 842 1440 anteriore
857 1374 970 1440 sinodo
986 1397 1059 1439 cum
1074 1373 1156 1440 duce
1171 1374 1237 1438 iam
1253 1370 1403 1449 evocasti,

293 1461 473 1525 satisfacere
500 1460 779 1546 contempnebant.
826 1459 968 1524 Vocatur
995 1480 1072 1524 vero
1100 1455 1310 1542 Hildegarius
1338 1451 1403 1519 Bel-

292 1546 476 1609 vacensium
498 1544 668 1630 episcopus
690 1544 799 1608 domni
814 1543 931 1607 Marini
952 1553 1015 1607 ete
1040 1545 1223 1629 iscoporum
1240 1539 1269 1603 le
1294 1541 1404 1617 atione,

292 1638 327 1692 ut
349 1637 403 1692 aut
425 1627 466 1692 ad
487 1649 542 1692 cos
563 1629 678 1710 veniat,
700 1637 755 1693 aut
773 1626 881 1692 sedem
896 1565 1107 1712 apostollcam
1121 1647 1180 1712 pro
1197 1646 1254 1688 suo
1270 1563 1404 1689 lacinore

292 1711 535 1775 ratiocinaturus
564 1721 660 1796 petat,
694 1732 731 1775 eo
765 1711 852 1797 quod
883 1711 1060 1776 interfuerit
1090 1709 1284 1774 ordinationi
1314 1725 1404 1792 supra

293 1795 357 1857 iarn
387 1793 544 1858 dictorum
573 1793 932 1882 pseudoepiscoporum.
982 1795 1126 1858 Vocatur
1154 1803 1186 1856 et
1208 1789 1403 1868 Heribertus,

292 1875 455 1942 Heriberti
476 1879 592 1942 tiranni
614 1876 706 1960 filius,
730 1877 769 1942 ob
792 1877 877 1942 mala
897 1899 979 1964 quae
1000 1876 1164 1944 aecclesiis
1179 1874 1232 1940 vel
1249 1875 1403 1974 episcopis

293 1961 474 2024 immaniter
508 1959 672 2025 inferebat.
726 1961 824 2026 Wido
857 1983 933 2026 vero
968 1961 1194 2027 Suessionicus
1227 1979 1403 2046 eprscopus,

292 2065 365 2134 curn
387 2065 406 2107 a
427 2043 572 2130 plurimis
593 2042 795 2126 laceraretur,
823 2067 860 2110 eo
890 2045 975 2131 quod
1005 2047 1074 2130 ipse
1095 2045 1324 2110 Heribertum⁰
1346 2064 1362 2104 e
1384 2041 1403 2101 i·

293 2149 424 2213 seopum
455 2137 618 2210 sacrasset,
647 2129 681 2192 in
711 2128 822 2193 sinodo
851 2151 942 2194 reum
973 2151 1041 2194 sese
1072 2128 1228 2194 confitens
1259 2137 1292 2192 et
1313 2149 1345 2189 m
1377 2134 1404 2186 ta

293 2213 466 2298 penitentia
494 2221 617 2277 reatuin
645 2211 824 2298 deplorans,
851 2212 1122 2278 intercedentibus
1152 2211 1241 2298 apud
1264 2209 1403 2274 sinodum

293 2295 425 2361 Artoldo
441 2307 536 2382 atque
551 2295 705 2360 Rotbertc
720 2295 981 2395 archiepiscopis,
1004 2295 1129 2362 absolvi
1143 2295 1185 2360 ab
1202 2297 1249 2361 eis
1264 2292 1402 2358 obtinuit.

293 2380 468 2444 Wicfridus
499 2401 625 2476 quoque
657 2381 847 2444 Morinensis
877 2401 1063 2466 eprscopus,
1094 2381 1150 2466 qui
1181 2380 1404 2444 criminabatur

293 2462 482 2543 interfuisse,
504 2465 653 2526 immunis
675 2487 695 2528 a
717 2465 849 2526 crimine
871 2464 1037 2550 reperitur.
1081 2463 1185 2528 Affirit
1203 2485 1280 2528 vero
1297 2462 1403 2526 Trans·
1454 2475 1455 2478 ’

294 2545 373 2606 mari
394 2545 617 2628 Noviomensis
639 2547 784 2692 episcopi
805 2545 930 2631 legatus
954 2547 1128 2612 Silvester²
1151 2549 1321 2633 presbiter,
1343 2544 1402 2628 epi-

295 2647 426 2710 scopum
454 2649 548 2690 suurn
575 2637 662 2692 tanta
689 2631 723 2693 vi
761 2629 884 2694 ebrium
914 2630 1077 2696 detentum
1110 2652 1271 2712 asserens,
1304 2638 1339 2693 ut
1368 2622 1403 2689 ad

296 2709 442 2773 sinodum
465 2711 572 2774 venire
594 2713 782 2798 nequiverit,
806 2713 892 2798 quod
922 2715 1019 2779 ctiam
1046 2713 1080 2778 in
1110 2724 1288 2799 conspectu
1309 2707 1402 2776 sinodi

295 2791 428 2856 testibus
450 2793 649 2878 approbavit.
692 2796 770 2860 Post
790 2795 889 2860 haecf
913 2798 1057 2884 episcopi
1085 2799 1119 2861 in
1142 2819 1202 2862 sua
1224 2797 1402 2862 referuntur·

296 2876 441 2939 Domnus
463 2897 538 2940 vero
559 2877 711 2962 Marinus,
733 2878 774 2942 ab
798 2880 916 2945 Ottone
942 2903 1018 2966 rege
1046 2904 1106 2967 per
1127 2880 1251 2968 legatos
1273 2903 1309 2944 ro
1333 2888 1403 2955 atus,

296 2961 330 3022 in
366 2967 472 3043 partes
506 2957 698 3026 Germaniae
728 2961 847 3026 secedit
877 2963 988 3050 ibique
1020 2963 1210 3029 aecclesiam
1242 2903 1404 3029 Vuldensis

297 3043 478 3106 monasterii
507 3041 640 3127 dedicat,
672 3055 722 3109 ets
743 3045 848 3110 hieme
870 3057 993 3130 exacta,
1016 3049 1154 3113 Romam
1186 3049 1280 3114 redit.
1329 3043 1403 3110 Hish

298 3122 449 3270 expletis,
486 3125 641 3192 Rodulius
668 3127 891 3193 Laudunensis
922 3133 1092 3218 episcopus
1125 3131 1240 3196 ultimo
1272 3153 1327 3196 cor
1349 3127 1403 3192 oris

298 3207 339 3272 do
353 3229 405 3272 ore
428 3208 597 3292 confectus,
626 3211 698 3276 haci
720 3213 786 3276 vita
815 3211 950 3278 decedit.
995 3213 1148 3280 Succedit
1168 3217 1198 3280 ei
1219 3238 1298 3281 vero
1319 3155 1404 3278 lister

296 3290 380 3376 regis
403 3315 444 3357 ex
466 3293 645 3358 concubina
666 3295 792 3376 Rorico‚
817 3297 903 3359 omni
926 3320 1033 3362 rerum
1056 3300 1192 3364 seientia
1213 3299 1349 3364 inclitus.

449 3422 498 3485 83.
531 3421 602 3486 Rex
624 3424 768 3488 cohortes
789 3425 971 3490 Mosomum
991 3427 1089 3492 mittit
1111 3435 1143 3490 et
1165 3428 1262 3512 capit.

380 3519 557 3582 Interea¹¹⁸³
580 3525 723 3587 exercitu
745 3545 786 3586 ex
809 3527 895 3588 omni
916 3526 1050 3610 Belgica
1065 3529 1146 3592 duce
1163 3527 1316 3593 Conrado
1330 3518 1404 3610 apud

298 3621 406 3681 regem
435 3600 574 3684 collecto,
602 3614 665 3669 tres
688 3605 830 3671 cohortes
860 3610 953 3693 rege¹
980 3609 1111 3684 iubente
1139 3612 1326 3676 Mosomum
1345 3607 1404 3671 mit·

298 3688 416 3744 tuntur.
472 3682 679 3769 Oompererat
710 3690 827 3752 etenim
864 3692 1037 3776 Hugonem
1076 3695 1265 3761 abdicatum
1297 3691 1404 3759 ibidem

298 3760 467 3844 reclusum,
482 3765 643 3853 multaque
658 3771 703 3834 rei
718 3771 863 3838 militaris
878 3775 989 3861 inopia
1005 3799 1079 3842 eum
1092 3777 1216 3843 haberi.
1263 3778 1404 3845 Cohortes

359 3901 382 3955 a)
398 3905 442 3944 olto
454 3909 524 3957 perata
539 3915 659 3952 atramento
675 3918 693 3953 et
709 3915 754 3952 alia
769 3920 793 3954 ut
809 3917 892 3958 videtur
906 3929 974 3959 manu
990 3919 1132 3973 (austorici).
1200 3921 1225 3976 b)
1243 3925 1311 3975 pulso
1326 3921 1360 3962 vel
1373 3915 1404 3957 ab·

300 3966 376 4004 dicato
400 3964 451 4004 odd.
476 3967 497 4005 1.
573 3967 593 4020 c)
615 3972 677 4020 apud
699 3972 806 4014 sinodum
829 3977 878 4017 odd.
903 3980 925 4017 1.
1000 3977 1023 4030 d)
1049 3991 1070 4022 a.
1093 3981 1187 4024 ruerant
1212 3985 1233 4025 1.
1310 3978 1331 4032 c)
1353 3977 1404 4018 Ei·

300 4021 583 4072 intromissorum.
659 4027 682 4079 g)
700 4032 723 4070 st
738 4031 848 4079 posthaec
864 4036 882 4074 1.
957 4033 982 4086 h)
999 4037 1090 4079 Interea
1106 4039 1134 4081 R.
1153 4043 1174 4080 1.
1256 4038 1274 4092 i)
1292 4041 1319 4081 ab
1335 4039 1373 4078 irae
1387 4034 1404 4070 1·

300 4078 324 4129 k)
342 4079 430 4126 Quibus
447 4084 517 4129 gestis
533 4087 648 4126 exercitus
665 4107 690 4117 -
708 4088 797 4137 colligit
814 4093 832 4130 1.
894 4092 911 4144 l)
929 4103 949 4135 a.
967 4105 985 4138 r.
1004 4099 1023 4137 1.

378 4171 405 4236 1)
424 4173 470 4237 qui
489 4177 650 4232 ordinationi
663 4180 785 4248 Hagnae
799 4184 946 4252 participes
966 4189 1109 4244 asstiterant
1126 4194 1207 4246 Flod.
1267 4195 1296 4261 ἓ)
1314 4193 1404 4244 Nomen

302 4241 564 4365 :dlddlldlllhems'
655 4250 683 4316 3)
712 4255 789 4304 Haec
809 4271 851 4323 ap.
870 4259 1052 4316 Fiodoardum
1072 4267 1206 4333 synodum
1226 4269 1405 4320 Treverensem
