2936 5010
320 413 371 464 166
555 408 708 482 monum
726 409 977 464 maronianum
996 409 1107 462 LIBER
1125 410 1193 462 1111.

319 579 382 645 biis
403 576 739 664 combustionibusque
759 577 893 643 affecita
929 577 974 642 Et
995 600 1067 642 cum
1088 579 1175 665 apud
1189 577 1337 644 Blesuml
1357 579 1422 643 loca

320 663 502 728 suburbana
524 662 740 743 succenderet,
766 661 923 726 incendiis
953 684 1032 726 aura
1059 661 1156 728 flante
1185 664 1303 728 circum
1325 685 1421 748 aeque

320 746 568 832 erumpentibus,
589 747 623 810 in
651 745 840 811 coenobium
861 744 1088 810 monachorum
1114 747 1215 811 sancti
1243 769 1280 812 co
1316 749 1421 812 essoris

319 831 511 896 Laudomari
532 831 615 916 ignis
636 829 791 930 plurimus
812 829 960 898 evolavit.
1003 829 1100 910 Quod
1121 852 1198 895 mox
1219 831 1421 912 combustum,

320 915 460 980 dirutum
474 914 543 980 fuit.
573 913 646 980 Oib1
683 935 788 1000 uoque
803 914 995 999 consumpti.
1026 912 1119 980 Unde
1132 937 1192 980 nec
1203 915 1422 981 monachorum

320 1000 467 1086 migratio
489 999 599 1064 defuit.
642 936 702 1062 ris
725 999 893 1082 exemptis,
914 999 948 1062 in
969 997 1039 1063 loca
1060 997 1123 1062 alia
1144 1001 1322 1064 exercitum
1336 1007 1422 1064 retor-

321 1093 397 1169 quet
418 1093 450 1149 et
477 1091 590 1148 vastat.
643 1083 720 1148 Post
741 1083 830 1146 cuius
852 1081 1029 1168 digressum
1056 1082 1129 1148 Odo
1158 1085 1192 1146 in
1224 1085 1294 1148 eius
1316 1093 1422 1148 terram

318 1189 412 1232 versa
439 1168 508 1233 vice
536 1167 711 1232 exereitum
739 1165 881 1248 induxit,
915 1168 1019 1230 sicin
1048 1188 1086 1230 ea
1115 1167 1280 1244 efferatus,
1313 1176 1347 1232 ut
1371 1188 1422 1232 nec

319 1251 482 1337 tugurium
507 1248 559 1316 vel
579 1247 698 1336 gallum
724 1248 930 1336 relinqueret,
962 1249 1085 1315 hostem
1113 1263 1313 1336 provocans⁰
1340 1261 1369 1316 et
1394 1259 1424 1314 ut

320 1335 527 1400 dimicaturus
547 1335 655 1400 veniat
675 1335 822 1398 invitans.
866 1333 923 1400 Ille
945 1345 1053 1400 autem
1075 1336 1184 1420 copias
1206 1357 1272 1400 non
1288 1335 1422 1400 sufficere

320 1419 383 1484 sibi
398 1439 601 1504 cognoscens,
623 1419 812 1504 provocanti
830 1419 925 1483 cessit
945 1428 1041 1504 atque
1056 1419 1097 1482 ad
1113 1440 1172 1483 sua
1185 1419 1291 1485 rediit.
1327 1420 1422 1505 Atque

319 1501 398 1568 haec
420 1503 485 1568 fere
505 1525 564 1589 per
584 1501 777 1568 biennium¹.

197 1673 243 1728 ·p.
260 1677 311 1720 eso.
321 1659 371 1724 80.
414 1657 568 1724 *Oratio*1
589 1657 785 1744 legatorumd
808 1655 931 1724 Odonis
957 1658 1044 1744 apud
1072 1659 1202 1745 regemd
1225 1659 1266 1724 de
1288 1657 1423 1724 Miliduni

750 1742 1001 1828 pervasione-⁰.

405 1843 477 1910 Odo
499 1845 618 1908 interea
639 1852 743 1908 castro
765 1845 881 1909 amisso
903 1844 1087 1926 frustratus,
1111 1845 1207 1909 etiam
1226 1846 1262 1909 in
1282 1846 1343 1910 hoc
1364 1866 1422 1909 sese

322 1927 540 1992 cautissimum
560 1924 708 1992 habebat.
748 1927 974 1994 Arbitrabatur
988 1928 1105 1993 etenim
1119 1927 1240 2013 duplici
1256 1928 1423 1994 calamitate

321 2034 355 2077 se
369 2033 464 2098 posse
478 2011 629 2097 torqueri,
652 2032 724 2075 cum
747 2011 803 2076 def
823 2013 919 2077 castri
933 2012 1102 2077 amissione
1121 2010 1297 2097 plurimum
1317 2013 1424 2078 doleret

321 2104 353 2161 et
373 2119 393 2160 a
413 2118 489 2182 rege
510 2096 591 2161 irato
605 2116 670 2159 nou
690 2095 893 2162 mediocriter
913 2094 1033 2162 valeret
1046 2097 1163 2181 urgeri.
1206 2096 1305 2162 Unde
1323 2107 1381 2162 etr
1415 2097 1423 2158 i

319 2179 441 2266 legatos
464 2179 590 2261 direxit,
615 2201 673 2266 per
701 2201 782 2265 quos
812 2201 881 2246 sese
912 2181 1031 2265 optime
1059 2181 1242 2245 ratiocinari
1272 2204 1365 2268 posse
1382 2119 1423 2244 ede

320 2263 453 2330 obiectis
482 2263 759 2350 quibuscumquae
791 2275 991 2350 suggereret:
1030 2286 1098 2330 sese
1130 2265 1163 2328 in
1194 2264 1282 2329 nullo
1315 2265 1423 2351 regiam

320 2350 517 2414 maiestatem
530 2347 641 2412 lesisse
657 2358 866 2413 ostensurum.
905 2347 940 2412 si
954 2347 994 2413 de
1008 2347 1164 2413 Miliduno
1179 2359 1305 2433 agatur,
1327 2359 1424 2414 contra

320 2454 428 2518 regem
449 2430 494 2496 nil
514 2431 590 2496 mali
610 2430 765 2515 molitum,
787 2453 860 2496 cum
881 2453 946 2496 non
967 2433 1046 2516 regi,
1069 2431 1125 2497 sed
1146 2453 1203 2496 suo
1226 2432 1424 2498 commilitoni

320 2514 399 2580 illud
413 2515 604 2581 abstulisset.
639 2517 721 2602 Regi
734 2515 813 2580 nihil
833 2515 1021 2664 deroqqtum
1042 2515 1148 2598 fixisse,
1171 2537 1244 2580 cum
1266 2521 1336 2604 ipse
1349 2518 1423 2600 regis

321 2621 423 2686 aeque
452 2600 493 2663 sit
518 2609 554 2664 ut
579 2597 631 2664 ifle
658 2601 709 2662 cui
738 2598 877 2664 abstulit.
955 2599 1073 2685 ihilque
1101 2600 1255 2668 interesse
1283 2611 1423 2702 quantum

321 2682 364 2746 ad
388 2684 509 2768 regiam
531 2682 735 2768 dignitatem,
768 2685 961 2770 quicumque
986 2693 1101 2750 teneat.
1155 2683 1233 2749 Sese
1255 2687 1373 2751 enaml
1396 2681 1423 2746 id

321 2767 413 2831 iustis
435 2767 539 2831 causis
561 2766 712 2850 effecisse,
735 2788 807 2831 cum
828 2767 906 2832 illud
934 2790 954 2832 a
976 2769 1041 2832 suis
1069 2770 1311 2854 precessoribus
1340 2769 1423 2834 olims

321 2871 505 2936 possessum
526 2851 698 2935 approbari
726 2851 836 2936 possit.
890 2851 984 2917 Unde
1010 2854 1106 2918 etiam
1131 2851 1232 2917 videri
1254 2876 1364 2940 posse,
1390 2862 1423 2914 at
1455 2925 1456 2930 γ

321 2957 355 2999 se
377 2933 505 3018 dignius
526 2935 626 2998 teneri
647 2933 763 3000 debere
786 2957 882 3021 quam
901 2937 942 3002 ab
962 2934 1024 3001 alio
1040 2958 1253 3022 quocumque.
1292 2936 1423 3002 Tandem
1455 2981 1456 2998 2

321 3020 349 3082 si
372 3018 449 3103 quid
470 3016 589 3104 piaculi
609 3017 728 3083 factum
750 3028 807 3102 est,
828 3021 862 3083 in
884 3043 952 3085 sese
972 3041 1111 3120 poenam
1132 3020 1302 3086 dedecoris
1321 3021 1423 3086 redun·

322 3101 415 3166 dasse
436 3111 623 3188 tantumque
645 3101 746 3167 scelus
768 3104 840 3189 pari
861 3105 1035 3190 ignommia
1059 3104 1246 3170 abstersum.
1288 3105 1378 3172 Unde
1398 3113 1423 3166 et

321 3185 445 3251 facilius
468 3185 529 3251 sibi
549 3185 781 3273 indulgendum
802 3197 897 3286 atque
918 3191 951 3252 in
972 3197 1061 3253 tanta
1077 3189 1351 3276 iniuriaamplius
1358 3209 1423 3338 par·

322 3269 467 3334 cendum.
534 3270 607 3335 Rex
638 3272 789 3336 orationis
820 3293 888 3335 vim
916 3271 1098 3356 advertens,
1134 3271 1163 3338 le
1186 3273 1246 3338 atis
1282 3277 1357 3340 satis
1370 3272 1423 3336 acit

321 3353 629 3441 benivolentiamque
650 3356 770 3442 petenti
784 3355 923 3420 mandat.
952 3355 1044 3421 Haec
1058 3355 1154 3442 legati
1163 3295 1274 3423 ildoni
1285 3359 1421 3424 referunt.

323 3437 396 3503 Odo
418 3439 525 3537 itaque
546 3461 655 3524 regem
676 3437 763 3504 adiit.
814 3438 931 3504 Coram
958 3463 1021 3528 quo
1043 3443 1184 3506 oratione
1207 3442 1327 3508 utiliter
1347 3461 1421 3518 usus,

323 3523 390 3586 eius
411 3533 514 3606 gratia
527 3525 647 3608 potitus
662 3531 721 3605 est3
743 3531 830 3587 tanta
844 3523 1030 3588 affabilitate
1044 3525 1187 3610 insignis,
1208 3536 1244 3590 ut
1261 3526 1420 3590 amicitiam

322 3606 488 3692 pristinam
508 3617 697 3672 renovarent
718 3615 749 3670 et
770 3609 803 3670 in
824 3605 909 3672 nullo
932 3617 1096 3694 suspectus
1118 3609 1187 3694 regi
1207 3608 1383 3676 haberetur.

351 3761 401 3825 81.
445 3759 570 3827 Bellum
590 3764 672 3828 inter
694 3763 841 3832 Odonem
863 3766 906 3829 eti
928 3763 1119 3830 Falconemi
1140 3763 1180 3829 de
1202 3765 1398 3832 Brittannici.

406 3863 478 3928 Hac
498 3873 684 3949 tempestate
704 3867 815 3932 itidem
837 3865 942 3931 civilia
956 3864 1040 3932 bella
1060 3889 1095 3931 re
1119 3877 1207 3933 arata
1225 3879 1308 3936 sunt.
1349 3867 1421 3932 Nam

322 3945 423 4014 Fulco
449 3947 645 4013 Brittanniae
677 3960 768 4036 parte
800 3950 986 4034 frustratus,
1017 3952 1079 4015 insi
1113 3972 1148 4016 as
1181 3951 1286 4017 adhuc
1319 3970 1421 4038 parare

382 4147 404 4201 a)
420 4149 519 4199 percutit
533 4159 639 4198 repertor.
654 4149 739 4192 affecit.
798 4149 822 4202 b)
838 4151 866 4190 Β.
875 4155 974 4192 castrum
985 4153 1005 4193 1.
1065 4163 1076 4192 c
1102 4161 1214 4202 provocas
1229 4157 1419 4203 eorapmvocsm·

323 4205 346 4258 d)
371 4219 391 4256 ο,
407 4218 464 4260 rum,
480 4217 565 4259 regem,
586 4219 631 4248 one
646 4209 702 4248 abac.
791 4207 813 4261 a)
835 4208 961 4262 captibus)
977 4213 997 4250 1.
1073 4150 1103 4262 ὸ)
1124 4211 1149 4251 in
1166 4213 1185 4252 1.
1270 4209 1293 4262 g)
1310 4215 1359 4261 poet
1378 4205 1420 4247 odd·

323 4265 348 4318 h)
365 4267 434 4306 etlam
449 4267 474 4306 td
488 4267 554 4306 luatis
570 4277 589 4308 e.
606 4268 629 4307 ld
645 4277 665 4308 e.
681 4279 699 4307 c.
759 4265 776 4319 l)
793 4272 816 4308 et
830 4267 984 4322 Humanam),
999 4272 1048 4310 ttan
1064 4270 1119 4311 abac.
1451 4261 1452 4319 l

397 4397 425 4462 1)
444 4397 486 4448 Da
511 4398 604 4449 harum
628 4415 715 4450 rerum
739 4405 858 4468 tempore
885 4416 977 4468 parum
998 4406 1110 4454 constet.
