2938 5016
294 421 448 474 RICHERI
468 421 721 474 HISTORIARUM
739 423 851 476 LIBER
870 424 892 476 1.
1140 427 1155 476 t

60 588 187 674 cipibus⁸
208 589 406 654 Francorum
428 598 523 676 atque
546 587 780 688 Aquitanorum
803 591 947 676 stipatis,
975 592 1050 658 licet
1071 595 1155 657 anci-

57 675 105 758 piti
125 671 355 756 deliberatione,
383 684 491 738 tamen
518 671 594 737 belh
620 672 862 759 dispositionem
887 676 975 762 apud
1005 698 1059 742 eos
1084 699 1155 776 per-

56 757 204 840 tractabat,
232 757 325 822 illosb
351 757 393 822 ad
420 779 563 842 pugnam
590 756 719 821 hortans
747 779 787 822 ac
807 779 917 823 comm
944 763 1155 846 magnammi-

56 851 140 905 tatem
161 864 200 906 ex
220 851 336 908 natura
355 840 529 928 plurimum
551 839 705 906 attollens.
750 840 831 905 Aliis
854 865 981 930 quoque
1006 844 1154 930 gentibus

56 947 102 990 cos
122 947 186 990 esse
206 928 347 1011 potiores
368 935 435 990 tam
457 924 578 990 viribus
600 947 697 1011 quam
719 925 848 991 audatia
862 936 894 992 et
908 929 1014 1009 armis,
1037 950 1154 994 memo-

56 1009 149 1092 rabat3
170 1031 425 1097 eorumquoque
449 1011 585 1073 maiores
607 1031 690 1094 pene
709 1019 832 1074 totumc
852 1008 963 1075 orbem
978 1010 1155 1077 debellasse

55 1094 209 1180 ipsumque
232 1105 330 1181 caput
352 1095 438 1159 orbis
460 1093 597 1158 Romam
618 1094 801 1158 immaniter
827 1095 1015 1159 attrivisset
1059 1095 1154 1160 Unde

56 1187 82 1241 et
104 1187 242 1264 oportere
278 1189 445 1264 paternam
482 1178 718 1242 animositatem
750 1179 784 1240 in
815 1177 889 1242 filiis
926 1178 1154 1262 renovandam,

55 1262 228 1410 asseqebat0,
257 1273 293 1327 ut
313 1273 441 1350 patrum
464 1262 710 1348 magnanimitas
738 1259 896 1325 tiliorumr
924 1264 1040 1328 virtute
1069 1285 1154 1328 com-

55 1367 116 1410 men
137 1356 250 1410 aretur.

95 1474 120 1537 8.
161 1473 304 1558 Impetus
328 1471 453 1537 Odonis
474 1473 560 1558 regis
582 1473 616 1534 in
637 1481 779 1556 pyratas,
801 1469 939 1558 bellique
961 1471 1106 1558 qualitas.

126 1573 249 1656 Quibus
278 1573 372 1638 dictis
400 1595 473 1637 cum
503 1575 721 1660 persuasisset,
754 1583 789 1637 ut
814 1583 865 1638 ote
897 1575 947 1637 vir
976 1572 1084 1638 audax
1116 1595 1155 1638 ac

55 1657 205 1740 violentus,
228 1679 302 1722 cum
320 1657 358 1721 16
373 1655 501 1723 milibus
517 1659 616 1757 signis
631 1657 725 1722 illatis
740 1595 894 1723 barbaros
909 1657 1094 1743 aggreditur
1101 1669 1122 1712 ⁸·
1133 1669 1154 1723 ¹.

47 1741 111 1805 sed
126 1743 270 1828 peditum
285 1743 395 1827 copias
416 1743 594 1828 premittitll
616 1752 711 1828 atque
726 1765 767 1807 ex
782 1742 828 1806 eis
843 1743 983 1828 primum
999 1743 1155 1828 impetum

55 1826 142 1890 infert
184 1827 260 1911 Ipse
283 1847 355 1889 cum
377 1827 520 1924 equitatu
541 1826 724 1908 succedens,
752 1825 897 1911 peditum
918 1826 1079 1890 fortunam
1100 1849 1155 1912 op·

55 1910 231 1994 pariebatur.
279 1909 347 1974 Nec
380 1932 485 1974 mmus
518 1920 549 1976 et
580 1907 710 1976 barbari
742 1911 828 1974 acies
861 1910 1085 1976 ordinaverant
1117 1931 1155 1974 ae

34 1994 169 2057 'indivisi
198 1993 398 2060 adversarios
428 1995 577 2079 excipere
608 1992 800 2078 cogitabant.
850 1993 895 2059 At
922 1995 1003 2079 regii
1056 1993 1155 2058 edites

55 2076 183 2142 hostibus
205 2078 327 2158 directi,
349 2079 453 2163 primo
470 2079 641 2142 certamine
657 2079 788 2164 sagittas
802 2077 996 2160 iaculantum
1042 2078 1155 2142 ensati-

55 2183 115 2246 que,
135 2161 269 2226 ilanceis
292 2161 442 2244 obversis,
464 2163 499 2225 in
519 2161 589 2226 illos
610 2161 761 2226 feruntur.
805 2161 945 2248 Excepti
958 2183 1034 2226 vero
1050 2184 1070 2225 a
1084 2161 1155 2226 bar-

55 2245 137 2328 baris,
158 2244 288 2332 plurimi
317 2244 508 2328 dilabuntur,
536 2269 600 2310 non
629 2256 736 2310 tamen
765 2256 871 2330 preter
900 2245 1155 2317 adversariorum

54 2331 172 2395 ruinam.
218 2330 301 2395 Nam
317 2339 472 2394 eteorum
486 2329 541 2395 alii
555 2331 747 2416 precipitati,
769 2327 823 2392 alii
837 2350 914 2393 vero
930 2350 1027 2414 quam
1048 2325 1155 2413 plures

55 2416 173 2479 sauciati
194 2423 276 2479 sunt.
320 2414 399 2478 Post
419 2413 543 2500 pedites
565 2436 642 2478 vero
658 2423 689 2478 et
704 2413 810 2498 regius
832 2414 991 2498 equitatus
1014 2409 1156 2474 succedit

54 2518 85 2559 ac
103 2501 183 2563 acies
205 2498 354 2580 hostium,
384 2521 420 2563 co
445 2499 483 2562 iis
506 2499 650 2584 peditum
673 2497 801 2578 divisas,
830 2495 928 2560 multo
950 2497 1023 2559 nisu
1043 2497 1156 2559 irrum-

54 2581 99 2664 pit
140 2583 330 2668 sternitque,
358 2592 395 2646 ut
415 2521 523 2664 tllrtur,
555 2583 667 2663 13000,
697 2581 810 2666 paucis
831 2579 908 2666 fuga
930 2578 1069 2644 salvatis.
1112 2578 1156 2644 Et

53 2685 115 2728 cum
141 2668 206 2730 iam
236 2667 391 2752 potiretur
423 2667 559 2730 victoria
589 2665 762 2766 spoliisque
795 2664 983 2750 diripiendis
1014 2665 1155 2746 instaret,

53 2747 247 2814 barbarorum
279 2750 372 2831 4000,
405 2773 487 2836 quae
519 2749 670 2814 insidiose
702 2751 735 2812 in
768 2747 885 2814 abditis
916 2748 1082 2830 latuerant,
1114 2769 1156 2811 ex

53 2832 167 2920 obliquo
188 2835 315 2899 viarum
336 2835 465 2900 irruere.
510 2833 574 2914 Qui
604 2855 677 2898 cum
745 2832 841 2896 adivo
871 2833 998 2898 incessu
1026 2831 1156 2917 propin-

55 2928 183 3001 quarent,
202 2939 364 2983 armorum
378 2917 449 2983 luce
464 2917 505 2982 ab
521 2918 716 2982 observaton
739 2939 777 2979 us
792 2917 913 3002 cogniti
928 2927 1009 2981 sunt.
1042 2915 1155 2979 Factoss

54 3021 106 3084 que
126 3005 226 3089 signo,
253 3003 412 3066 exercitus
433 3003 467 3065 in
488 3023 586 3065 unum
608 3000 699 3066 redit.
743 3000 814 3065 Rex
841 2999 940 3064 midto
967 2998 1073 3086 plures
1101 2999 1155 3064 ad·

54 3087 147 3151 venire
168 3087 349 3166 arbitratus,
372 3108 446 3150 suos
468 3086 613 3150 hortatur
634 3085 812 3170 stipatores,
833 3095 868 3150 ut
890 3085 1012 3170 priores
1031 3084 1155 3148 animos

54 3181 215 3252 resumant,
249 3171 348 3233 immo
377 3179 409 3235 et
440 3191 505 3234 non
527 3171 686 3252 amittant3
720 3168 818 3234 decus
850 3191 909 3254 pro
938 3169 1042 3255 patria
1073 3167 1155 3231 mori

54 3256 268 3353 egregiumque
282 3275 341 3352 pro
357 3254 601 3319 christianorum
616 3251 798 3317 defensione
814 3274 949 3338 corpora
963 3253 1057 3315 morti
1068 3251 1154 3332 dare,

55 3337 146 3403 nulus
160 3338 359 3404 sermonibus
373 3359 527 3403 asserens.
571 3336 761 3402 *Exercitus
777 3337 884 3421 itaque
899 3336 1058 3410 densatus,
1080 3333 1222 3398 licetuor.
1232 3354 1255 3397 s.

55 3423 204 3486 anterioris
226 3419 301 3486 belli
321 3420 505 3488 vulneribus
527 3442 632 3506 aeger,
653 3429 760 3484 tamen
782 3419 932 3484 obvenire
945 3440 1011 3482 non
1025 3415 1154 3484 distulit

55 3557 79 3620 9.
116 3560 196 3648 lngo
208 3582 251 3625 ex
265 3558 503 3625 mediocribus*
524 3561 608 3644 regis
631 3557 784 3645 signiter*
805 3555 924 3623 bellum
945 3556 1153 3643 ingrediturl.

125 3662 262 3728 Etcum
284 3663 466 3748 agitaretu,
490 3663 560 3748 quis
575 3664 700 3760 regium
715 3663 741 3726 si
766 3660 992 3743 numefferret,
1015 3681 1052 3725 eo
1069 3659 1155 3809 quod

55 3741 183 3812 intanta
203 3745 360 3811 nobilium
380 3767 478 3810 manu
499 3745 603 3810 nullus
625 3768 692 3810 sine
769 3766 844 3810 nere
858 3744 1036 3826 videbatur,
1058 3745 1070 3807 i
1094 3765 1155 3831 que

56 3845 151 3894 omnes
173 3831 338 3911 evitarent,
360 3831 498 3895 emedio
514 3832 655 3894 onmium
670 3830 749 3915 Ingo
772 3827 895 3915 prosilit
926 3850 965 3894 ac
986 3827 1156 3893 militatum

56 3929 114 3976 sese
134 3915 278 3996 offerens,
300 3915 519 3999 inperterritus
541 3913 638 3979 dixit:
666 3913 746 3998 ‘Ego
769 3935 811 3978 ex
832 3879 1047 3978 mediocribus
1069 3913 1155 3996 regis

55 4013 140 4078 agaso
149 4009 169 4080 ²,
200 3999 227 4063 si
253 3997 411 4062 maiorum
437 3997 551 4063 honori
577 4020 641 4062 non
670 3997 849 4082 derogatur,
877 3998 1004 4083 signum
1032 3996 1156 4081 regium

105 4141 125 4193 a)
140 4145 177 4185 Fr.
193 4156 228 4195 pr.
245 4146 266 4184 1.
326 4141 350 4194 b)
368 4154 406 4184 sos
424 4145 444 4186 1.
491 4142 511 4194 c)
528 4147 576 4184 toto
591 4154 648 4186 corr.
665 4145 747 4184 totum.
807 4141 830 4194 d)
847 4143 905 4182 linea
915 4141 967 4191 fers
983 4149 1063 4180 crosa:
1079 4167 1085 4178 .
1102 4167 1108 4180 .
1126 4166 1156 4180 ..

54 4205 193 4250 expugnasse.
239 4202 261 4256 s)
276 4203 419 4243 memorabat
435 4204 456 4243 1.
501 4201 561 4253 oin
576 4203 615 4244 dcl.
667 4200 691 4253 3)
708 4211 829 4252 aggressus
846 4206 881 4242 est
897 4203 918 4242 t.
973 4196 998 4250 h)
1014 4199 1120 4249 premisit
1136 4199 1155 4240 1.

56 4252 69 4303 i)
83 4265 127 4300 cate
141 4263 227 4304 lanceis
242 4261 368 4302 uxamam
383 4271 476 4304 amm.
537 4259 561 4312 k)
577 4261 637 4313 ibus,
653 4261 721 4314 niter,
737 4270 777 4310 gre
794 4261 850 4300 abac.

121 4392 208 4460 1)1)e
228 4395 279 4447 hac
299 4411 390 4462 pugna
408 4395 474 4448 alibi
493 4393 560 4445 nihil
578 4393 684 4460 legitur.
760 4390 788 4458 2)
808 4394 825 4443 i.
847 4407 872 4459 q.
893 4389 1082 4443 marescalcus.
