2938 5016
299 421 453 474 RIGHERI
471 421 727 475 HISTORIARUM
745 422 858 474 LIBER
877 423 899 474 1.
1127 421 1163 470 27

61 587 226 654 ambitionis
248 587 333 654 elatu
353 589 472 654 Remos
495 589 661 672 deductus,
682 589 717 652 in
737 587 870 655 basilica
886 590 986 655 sancti
1000 589 1227 674 Remigium.-

61 695 108 736 rex
127 682 259 737 creatur.
302 671 334 736 A
356 674 446 737 cuius
468 674 671 738 coronatione
699 682 828 758 peracto
857 674 973 755 triduo,
1001 673 1160 737 Heriveus

60 755 217 820 Remorum
239 755 501 842 metropolitanus
523 757 646 822 diutina
667 757 845 842 egritudine
860 766 995 822 vexatus
1012 757 1161 820 interiit1.

62 840 114 919 Qui
139 841 165 903 si
186 840 300 904 eodem
326 850 471 940 tempore
498 839 659 922 valuisset,
686 850 774 905 tanto
801 839 934 904 facinori
962 863 981 905 o
1007 841 1160 904 ortunitas
1170 851 1214 895 1¹1¹·
1231 853 1252 894 ²·

60 945 112 986 non
153 926 293 988 atuisset.
337 923 398 989 Cur
419 926 516 990 etiam
530 947 608 988 mox
622 923 764 989 succedit
779 923 914 988 donatam
929 922 970 988 ab
1016 923 1160 988 otberto¹>

62 1006 114 1072 Seu
158 1031 181 1090 s,
209 1009 264 1094 qui
290 1018 366 1072 tunc
387 1008 476 1072 urbis
504 1008 647 1073 eiusdem
668 1007 774 1072 officio
801 1007 1013 1108 fungebatur⁶
1041 1006 1228 1071 *archi-'toa
1242 1022 1277 1062 ιι.

61 1090 240 1172 diaconatus,
261 1092 312 1156 vir
332 1093 499 1158 strenuusd
519 1092 681 1178 multaque
702 1114 808 1157 rerum
830 1093 962 1156 serentis
982 1089 1118 1155 inclitus.

130 1177 179 1240 42.
221 1177 366 1240 Intereat
387 1175 527 1240 Karolus
554 1199 574 1241 a
596 1173 697 1240 Gadis
724 1185 831 1262 preter
856 1176 1066 1262 paucissimos
1088 1173 1221 1237 Bel-ma

60 1281 157 1343 garum
184 1259 346 1324 desertum
374 1282 443 1324 sese
471 1261 686 1346 comperiens,
721 1259 809 1407 agad
835 1259 1024 1346 precipuos‘
1049 1279 1160 1322 eorum

61 1345 123 1428 quis
142 1367 162 1408 a
183 1365 216 1408 se
243 1365 308 1408 non
335 1344 515 1408 defecerant
545 1343 716 1430 plurimam
766 1367 783 1408 e
812 1366 869 1408 suo
896 1344 1067 1408 mfomunio
1094 1343 1160 1428 agi-

60 1426 136 1490 tabat
161 1427 338 1512 querelam3
365 1429 562 1492 miseriorem
590 1450 659 1492 sese
685 1428 840 1513 inquiens,
869 1429 896 1492 si
923 1427 983 1491 hac
1010 1434 1161 1512 urgeatur

61 1509 233 1594 calamitate,
256 1533 353 1598 quam
375 1513 402 1576 si
424 1511 533 1576 oculos
555 1511 683 1576 claudat
703 1533 854 1596 suprema
874 1521 986 1594 morte,
1014 1532 1086 1574 cum
1107 1507 1162 1572 illa

61 1593 170 1659 dolores
189 1606 373 1682 augescant,
395 1597 457 1660 ista
471 1596 673 1678 demantur*;
707 1597 810 1660 carius
832 1597 977 1681 *quoque
998 1594 1059 1659 sibi
1079 1594 1211 1657 ferro'r-
1228 1602 1279 1646 ⁵81·

62 1679 161 1760 occidi,
188 1702 285 1766 quam
311 1702 409 1766 regno
437 1703 457 1744 a
483 1702 655 1766 pervasore
682 1681 816 1779 privari,
859 1689 932 1764 post
958 1680 1049 1764 regni
1075 1679 1161 1741 enim

60 1764 257 1909 privationem
279 1764 481 1828 solummodo
503 1785 723 1850 superessem
744 1763 876 1827 exilium
897 1763 1160 1850 deportationem.

74 1868 162 1932 nquo
177 1850 274 1913 etiam
289 1847 330 1912 ab
346 1849 394 1930 iis,
418 1870 497 1934 quos
513 1869 637 1912 summo
653 1869 779 1934 semper
800 1847 912 1911 habuit
934 1869 1051 1930 amore,
1074 1844 1162 1931 apud

62 1951 128 2014 quos
154 1931 272 1996 diutius
300 1941 504 1996 conversatus
532 1933 586 2014 sit,
615 1931 731 2017 quibus
754 1953 880 2017 quoque
902 1930 981 1994 nihil
1008 1951 1162 2015 umquam

61 2014 125 2078 mali
145 2015 271 2080 molitus
285 2015 389 2098 fuerit,
411 2015 529 2080 debere
545 2037 614 2080 sese
629 2015 780 2100 suffragia
793 2017 939 2114 accipere
954 2013 1161 2079 memorabat.

131 2099 180 2164 43.
224 2098 279 2163 Ad
300 2099 379 2164 haec
401 2101 499 2163 sui**:
531 2100 1026 2186 ‘Pemitiosumest’,1nquiunt,
1054 2099 1083 2160 ‘d
1104 2119 1164 2160 rex

61 2181 156 2246 iuratis
177 2206 197 2247 a
220 2183 349 2248 domino
365 2183 511 2266 deficere,
534 2182 813 2248 sceleratissimum
834 2205 910 2246 vero
933 2193 1042 2246 contra
1063 2181 1164 2244 domi-

61 2287 125 2328 num
146 2277 239 2331 stare.
284 2267 319 2332 si
341 2267 382 2330 de
403 2267 562 2332 desertore
585 2288 623 2330 ac
645 2265 817 2351 transfugis
844 2267 958 2351 agitur,
985 2265 1162 2348 horumque

61 2353 211 2414 nominum
239 2352 267 2414 si
293 2351 478 2416 advertatur
503 2352 587 2416 inter
610 2352 732 2432 retatio,
767 2350 841 2434 quic
865 2349 921 2412 uid
948 2347 1049 2412 moliti
1078 2356 1161 2430 sunt,

61 2445 153 2517 preter
178 2437 229 2498 ius
261 2445 309 2499 est
334 2445 367 2499 et
393 2457 521 2522 equum.
564 2373 659 2501 Iliade
687 2443 719 2498 et
746 2435 813 2497 sine
841 2371 949 2516 dubio,
978 2433 1005 2495 si
1032 2441 1161 2517 pugnae

61 2521 219 2584 necessitas
234 2541 289 2584 eos
303 2519 467 2606 adurgeat,
489 2519 676 2584 Divinitatis
691 2517 843 2582 ultionem
858 2538 922 2580 non
944 2515 1089 2581 evadent.
1122 2514 1161 2579 Id

61 2624 124 2666 vero
145 2605 318 2668 certissime
339 2605 477 2685 noveris,
498 2603 584 2667 nullo
600 2603 697 2667 modo
712 2623 847 2688 regnum
862 2624 881 2666 a
896 2611 927 2666 te
942 2600 1163 2713 repetendum,

61 2687 112 2748 nisi
130 2686 212 2751 bello
234 2689 342 2773 ipsum
406 2687 561 2773 grediaris
582 2688 752 2752 tirannum.
796 2686 980 2770 Regnum**
1017 2693 1162 2769 ereptum

61 2791 115 2832 non
127 2772 292 2858 irmmnpes,
307 2774 369 2836 nisi
397 2795 466 2836 erro
480 2773 568 2836 viam
582 2771 736 2836 violenter
750 2771 875 2854 aperias
884 2781 905 2833 ².
948 2768 992 2832 Et
1007 2770 1083 2854 quia
1096 2770 1162 2832 iam

61 2875 133 2916 nunc
151 2877 202 2920 res
224 2877 369 2954 pugnam
391 2855 512 2938 suadet,
535 2863 732 2920 sacramento
747 2854 828 2918 fides
843 2852 1026 2918 adhibenda
1048 2861 1105 2934 est,
1127 2859 1163 2914 ut

10 2993 11 2996 ,
61 2937 140 3002 nobis
176 2942 287 3004 iuratis
314 2961 365 3003 res
391 2941 425 3003 in
446 2939 600 3024 ambiguo
621 2961 686 3002 non
708 2939 757 3002 sit.
801 2938 887 3001 Dein
913 2936 1045 3001 saltemh
1073 2937 1162 3022 quin-

62 3025 200 3108 quaginta
227 3023 367 3108 cligendi
399 3033 490 3106 sunt,
525 3025 580 3112 qui
612 3023 786 3086 certissime
817 3023 978 3086 tirannum
1009 3027 1164 3106 appetant

61 3106 175 3192 vimque
197 3109 227 3172 ei
249 3107 393 3189 inferant,
416 3117 460 3190 ut,
483 3129 557 3170 cum
578 3106 654 3171 belli
674 3105 825 3172 violentia
846 3104 925 3169 alios
940 3106 974 3168 in
988 3104 1067 3168 alios
1089 3126 1163 3168 exa·

62 3189 203 3274 gitaverit,
220 3193 273 3255 isti
286 3193 412 3256 tiranno
427 3201 551 3256 tantum
564 3190 710 3255 laborent
724 3190 950 3274 inventumque
965 3187 1162 3273 transfigant.

63 3275 136 3351 Quid
157 3277 241 3339 enim
288 3275 416 3357 roderit,
444 3297 555 3339 omnes
576 3275 712 3339 interfici
734 3272 941 3337 etmalorum
964 3293 1094 3336 causam
1116 3293 1162 3334 re-

63 3359 196 3423 servarit’
270 3370 283 3423 t
305 3359 431 3424 decreto
454 3360 615 3424 communi
637 3360 671 3424 in
691 3357 880 3422 Rotbertum
902 3357 1077 3419 coniurant.

132 3445 181 3508 44.
225 3444 318 3507 Moxi
341 3465 467 3530 quoque
494 3453 525 3507 et
550 3444 640 3528 regio
667 3443 756 3505 iussu
782 3440 996 3504 accersiuntur
1023 3461 1064 3502 ex
1091 3435 1163 3501 Bel-

62 3523 129 3607 gica,
155 3529 349 3614 quicumque
376 3527 418 3592 ab
445 3549 521 3612 rege
547 3527 634 3590 nonl
657 3525 810 3590 defecisse
831 3522 1031 3590 videbantur.
1076 3522 1162 3602 Quo-

125 3652 147 3720 *)
165 3655 218 3706 Vix
237 3656 317 3706 etiam
337 3671 412 3722 spem
432 3655 550 3721 aliquam
563 3654 616 3704 sibi
631 3652 761 3714 relictam,
782 3669 841 3704 cum
856 3653 988 3704 atiranno
1001 3655 1085 3702 totum
1104 3665 1164 3716 per·

113 3796 135 3820 u
166 3743 259 3780 vasum
279 3730 322 3793 sit,
341 3733 461 3795 potestas
480 3726 637 3778 dominandi
657 3731 685 3777 et
703 3726 813 3778 libertas
832 3724 950 3777 habendi
968 3724 1033 3775 odd.
1054 3724 1080 3778 1.
1186 3723 1187 3728 ’

102 3798 147 3939 '‘*l
165 3799 657 3941 lldelegrurlllgrellillgdddedsle’bldrfcolr.
671 3889 724 3924 non
737 3879 851 3940 repetes,
871 3889 938 3924 corr.
953 3887 1005 3922 non
1018 3865 1163 3936 irrumpes)

168 3950 267 4000 nisi-
293 3949 429 4016 aperueris
449 3945 529 4014 (corr.
548 3943 668 4013 aperias)
688 3945 753 3997 add.
773 3946 798 3996 2.

112 4053 132 4105 s)
147 4057 172 4096 R.
189 4069 206 4098 e.
266 4056 290 4107 b)
308 4067 362 4106 rege
379 4059 399 4097 1.
460 4055 481 4107 o)
498 4056 556 4106 rung
575 4057 599 4097 tn
615 4056 662 4106 flere
682 4055 776 4105 paotaae
791 4065 808 4098 c.
884 4051 906 4103 d)
924 4053 1028 4094 liberalis
1044 4063 1071 4092 ac
1086 4055 1114 4092 st.
1131 4053 1152 4092 1.

62 4109 81 4160 θ)
95 4118 196 4163 smuenua
211 4117 235 4156 ia
246 4115 304 4165 sotto
320 4116 402 4155 minore
417 4121 491 4155 ceneto
503 4117 569 4165 prius
584 4126 649 4166 quam
666 4113 817 4164 praecedentia
837 4113 917 4163 scripta
934 4117 1003 4153 erant.
1070 4109 1088 4161 f)
1105 4120 1162 4160 lac.

10 4201 11 4210 .
62 4180 134 4213 ecorr.
149 4177 168 4216 t.
228 4174 251 4227 g)
268 4187 290 4224 q.
308 4185 322 4214 s
337 4185 361 4214 se
377 4187 399 4216 n.
415 4175 437 4214 d.
451 4179 501 4224 post
517 4175 566 4215 aad.
627 4171 651 4225 h)
668 4183 686 4214 s.
703 4185 725 4222 q.
742 4183 763 4215 e.
779 4183 798 4213 e.
811 4177 861 4222 post
878 4171 979 4211 inserent
993 4169 1075 4220 scripte
1092 4175 1165 4218 eruat,

62 4233 140 4276 corr).
183 4233 200 4286 t)
215 4234 326 4286 sequeretur
341 4234 385 4273 alio
401 4232 739 4286 atramento(a)paramseaeo
755 4231 898 4280 eaeororr'pm
913 4234 971 4269 eant.
1017 4227 1041 4281 k)
1054 4229 1170 4280 pertarid.

128 4327 154 4396 1)
172 4329 249 4382 Flod.
268 4330 339 4382 Hist.
359 4331 434 4382 Rem.
454 4331 503 4391 IV,
524 4329 566 4382 17.
589 4329 631 4381 18.
711 4325 741 4393 2)
753 4327 831 4394 ferro
850 4305 900 4376 iter
919 4323 1098 4390 aperiundum
1118 4331 1166 4379 est.

64 4396 160 4454 Sallust.
181 4403 259 4456 catil.
281 4420 304 4455 c.
326 4403 369 4456 58.
