2936 5010
270 381 423 434 mensal
441 381 691 435 HISTORIARUM
709 383 821 436 LIBER
839 385 893 439 111.
1097 387 1148 439 115

49 545 226 633 disposuerit
275 548 410 614 alterum
439 550 506 614 acsi
533 549 664 614 fratrem
692 547 857 637 fidumque
886 573 1015 618 suarum
1042 572 1214 619 rerumeso.
1325 603 1330 614 .

46 640 169 696 tutorem
189 598 330 698 habebit.
371 631 502 698 Placeat
530 655 606 719 ergo
631 633 840 698 serenissimis
868 636 997 722 regibus
1026 661 1093 724 pax
1120 649 1151 704 et

46 717 187 800 amicicia,
209 739 290 804 quos
313 719 479 782 coniunxit
492 719 587 782 etiam
603 719 768 804 sanguinis
783 718 930 784 affinitas.
962 721 1150 788 Vinciantur

45 801 192 884 amicicia,
226 823 363 889 quorum
399 801 585 866 dissidentia
612 803 659 866 rei
685 800 833 889 publicae
860 801 966 868 labem
994 805 1089 872 infert
1119 817 1150 873 et

45 884 201 950 concordia
221 885 390 951 utilitatem
411 886 633 951 accommodat
653 887 800 972 viresque
822 887 998 953 ministrat'.

254 1080 305 1144 80.
347 1079 545 1165 1166161616ει
568 1079 695 1145 Ottonis
715 1078 758 1143 ad
780 1076 920 1144 Gallos&

115 1199 167 1262 Ad
187 1198 268 1264 haec
286 1199 379 1265 Otto:
400 1198 511 1281 ‘Novi',
533 1201 645 1286 inquit,
668 1207 830 1286 ‘quantam
849 1198 956 1266 labem
976 1200 1023 1265 rei
1043 1201 1147 1287 publi-

43 1301 92 1346 cae
118 1283 279 1348 discordia
305 1305 514 1368 sepenumero
541 1282 661 1366 intulit,
689 1305 763 1348 cum
789 1305 960 1369 regnorum
985 1285 1147 1372 principes

43 1377 140 1430 161116
168 1391 203 1432 66
231 1367 403 1454 aliquando
432 1365 534 1432 moliti
565 1377 648 1432 sunt.
696 1367 765 1432 Nec
794 1365 873 1432 illud
899 1369 995 1432 etiam
1023 1369 1147 1455 ignoro,

42 1460 148 1534 quanta
169 1451 254 1515 salus
275 1474 333 1538 per
354 1451 519 1516 amiciciae
539 1453 689 1515 virtutem
717 1453 764 1514 rei
791 1451 939 1538 publicae
964 1463 1148 1538 comparata

40 1535 84 1596 sit
116 1535 242 1618 Fateor,
263 1534 417 1601 hactenus
438 1557 490 1600 me
509 1533 684 1634 plurimum
706 1535 841 1600 coluisse
861 1537 993 1621 paceml
1016 1547 1048 1602 et
1073 1559 1147 1603 con-

41 1617 188 1702 cordiam,
209 1619 347 1684 invidias
367 1628 463 1706 atque
485 1619 660 1686 discordias
675 1618 917 1705 malignantium
932 1621 1005 1686 odio
1021 1643 1147 1709 semper

38 1699 187 1768 habuisse.
218 1703 459 1789 Componantur
473 1726 549 1789 ergo
564 1726 622 1790 per
634 1725 693 1770 vos
707 1705 806 1768 animi
820 1703 1056 1789 dissidentium3
1071 1728 1147 1772 nam

37 1783 103 1850 huic
127 1788 176 1852 rei
204 1809 262 1852 vos
290 1787 385 1852 video
408 1788 600 1874 aptissimos,
628 1789 684 1874 qui
711 1796 784 1854 ante
812 1787 873 1854 hac
894 1799 1006 1854 mutua
1026 1788 1146 1856 lesione

37 1869 244 1957 reipublicae
262 1870 437 1970 plurimum
458 1871 692 1958 derogavimus.
729 1872 863 1938 Consilii
877 1874 975 1939 vestri
988 1876 1145 1940 rationem

37 1957 183 2052 approbo.
225 1955 332 2020 Dictis
359 1955 488 2022 tandem
513 1957 598 2022 facta
620 1959 834 2022 consentiant’.
877 1957 994 2042 Legati
1014 1980 1145 2105 persua-

36 2060 114 2103 sione
128 2039 239 2104 habita
252 2040 395 2123 redeunt,
410 2041 585 2127 ambosque
599 2063 691 2127 reges
707 2040 887 2107 alterutrius
898 2040 1014 2106 benivo
1027 2043 1145 2106 entiam

35 2123 71 2186 ad
85 2123 269 2188 alterutrum
282 2125 464 2207 referentes,
485 2126 520 2188 in
534 2126 681 2190 amicicia
695 2133 899 2209 componunt.
932 2124 1144 2190 Constituitur

35 2215 151 2293 tempus
167 2206 379 2356 collofluendi.
414 2208 520 2273 Locus
535 2209 662 2294 utrique
677 2207 864 2271 commodus
885 2206 1005 2354 dssffia
1020 2230 1067 2270 ur.
1099 2208 1143 2272 Et

35 2293 102 2376 quia
123 2293 228 2356 61166.ο
272 2293 382 2357 uvium
402 2293 527 2358 Mosam
555 2313 654 2376 regna
679 2291 847 2356 amborum
870 2311 906 2354 co
943 2292 950 2306 ⁸
986 2289 1141 2375 itabantd,

33 2374 185 2441 inlocum
207 2377 262 2462 qui
282 2374 456 2463 Margolius
478 2375 610 2446 (11611111ι
634 2375 679 2440 eis
702 2374 764 2438 sibi
786 2395 950 2440 occurrere
972 2374 1102 2462 placuit.

172 2551 223 2615 81.
264 2550 408 2616 Lotharii
430 2559 480 2614 61θ
503 2550 629 2616 Ottonis
649 2571 763 2634 regum
785 2547 993 2616 concitatior.

107 2671 333 2738 Convenerrmt
361 2692 458 2756 ergo·
489 2669 647 2757 Datisque
669 2668 798 2748 dextris,
826 2669 968 2734 osculum
989 2669 1051 2734 sibi
1072 2671 1140 2737 sine

31 2754 131 2842 aliqua
142 2757 372 2842 disceptatione
383 2754 610 2840 benignissime
622 2753 786 2820 dederunt.
811 2753 1002 2820 Amiciciam
1016 2753 1140 2820 *altrin-
1150 2761 1204 2809 ⁸f01·
1221 2767 1269 2812 ³⁹⁴·

30 2861 113 2905 166116
142 2850 340 2906 sacramento
367 2839 576 2905 stabilierunt.
621 2839 772 2926 Belgicae
802 2861 888 2925 pars,
910 2860 992 2926 quae
1020 2839 1055 2902 in
1084 2837 1139 2904 lite

29 2923 134 3006 luerat,
162 2925 197 2988 in
224 2925 275 2988 ius
305 2923 433 2988 Ottonis
459 2925 592 2989 transiit.
637 2923 724 3005 Otto,
745 2924 838 3009 regni
866 2924 915 2988 sui
943 2944 1024 3009 pace
1045 2922 1137 3006 faeta,

28 3007 147 3072 Italiam
178 3009 271 3094 petiit
295 3009 494 3094 Romamque
521 3008 656 3090 devenit,
686 3029 760 3071 suos
789 3009 950 3072 revisurus
975 3015 1071 3093 atque
1098 3007 1138 3072 de

27 3095 110 3179 regni
127 3101 211 3158 statu
226 3093 437 3178 quaesiturum
453 3113 692 3178 compressurus
707 3091 812 3172 etiam,
827 3092 854 3154 si
869 3092 924 3176 qui
938 3091 1018 3155 forte
1033 3100 1139 3155 essent

26 3176 184 3260 tumultus,
206 3184 238 3240 et
258 3175 484 3240 tumultuantes
505 3178 539 3238 in
583 3197 673 3240 ocem
693 3185 907 3255 revocaturus,
930 3176 956 3237 si
978 3174 1034 3259 qui
1051 3176 1136 3272 prin-

26 3264 131 3349 cipum
152 3261 234 3326 forte
255 3258 454 3325 dissiderent.
496 3259 558 3324 Lot
617 3259 665 3322 'us
685 3279 761 3322 vero
782 3257 974 3321 Laudunum
995 3279 1134 3340 vemens,

25 3347 105 3432 apud
141 3367 216 3410 suos
248 3366 392 3431 quaeque
425 3365 484 3408 oon
547 3365 567 3406 a
598 3341 659 3406 sibi
690 3340 914 3426 pertractabat.
970 3339 1039 3405 Nec
1070 3341 1136 3404 iarn

25 3432 194 3516 quicquam
221 3429 291 3515 spei
319 3450 362 3492 ex
388 3427 468 3492 duce
485 3365 647 3508 libubebat,
675 3447 748 3489 cum
776 3434 908 3551 propter
927 3445 1040 3510 paoem
1062 3423 1134 3490 dolo

24 3514 198 3600 quaesitam
226 3535 291 3577 non
317 3511 518 3578 mediocriter
543 3533 617 3576 eum
644 3517 825 3594 suspectum
861 3507 1003 3577 haberet.
1052 3507 1196 3575 01111111.

23 3598 81 3663 iam
109 3597 193 3662 haec
221 3597 328 3662 omnia
353 3596 410 3661 vul
433 3617 452 3660 6
473 3595 723 3683 predicarentur,
750 3591 893 3658 nonnulli
914 3613 1041 3678 quoque
1062 3594 1135 3660 inde

21 3683 179 3768 indignati
199 3693 281 3767 pross
296 3680 398 3745 duces
410 3618 588 3762 demerent,
603 3679 671 3744 dux
686 3678 842 3744 constanti
855 3677 961 3743 animo
976 3678 1136 3743 mistitiam

23 3764 224 3833 dissimulans
254 3766 360 3830 omnia
384 3764 515 3830 ferebat.
557 3763 602 3829 Et
627 3763 709 3828 sicut
734 3764 832 3828 moris
853 3764 883 3828 ei
904 3771 973 3826 erat
993 3761 1135 3827 consulto

21 3853 127 3918 omnia
142 3846 327 3930 deliberare,
342 3849 553 3935 primatibusll
568 3845 743 3930 advocatis,
760 3845 993 3912 declamaturus
1006 3845 1134 3911 resedit.

75 4060 99 4114 a)
117 4061 164 4110 sio,
186 4068 211 4097 61
229 4057 285 4097 abac.
360 4053 384 4108 b)
401 4067 425 4106 p.
445 4055 569 4096 concordia
589 4057 609 4098 1.
685 4052 706 4105 c)
723 4063 793 4104 super
814 4055 834 4093 1.
910 4051 934 4105 (1)
951 4053 1097 4094 conlimitans
1113 4054 1133 4094 1.

21 4119 40 4172 6)
56 4126 87 4174 et,
109 4121 135 4160 ia
151 4117 209 4159 abso.
298 4113 348 4167 0¹·
363 4115 386 4156 11.
407 4116 432 4155 tn
452 4115 497 4155 toro
517 4125 577 4156 roro.
666 4110 825 4164 1))16116116.
914 4110 938 4164 h)
954 4111 1097 4162 principibus
1114 4113 1134 4153 1.

92 4284 123 4354 1)
145 4284 187 4336 Oi.
208 4281 367 4350 diplomat.
386 4283 445 4336 Iun.
465 4281 502 4350 (1)
522 4281 584 4334 980.
604 4281 695 4333 datum
713 4281 741 4330 in
760 4278 820 4331 loco
840 4279 886 4346 qui
906 4278 1002 4330 dicitur
1021 4278 1136 4346 Margoil

20 4377 97 4430 super
116 4359 228 4410 fluvium
248 4355 328 4422 Cheru
351 4357 465 4425 Stampf,
490 4357 559 4409 Aeta
578 4372 604 4423 p.
624 4355 677 4406 ³25
697 4351 777 4422 (Reg.
799 4353 844 4405 Nr.
866 4349 941 4420 ⁷65).
973 4377 974 4380 =

892 4439 905 4467 ὴ

866 4438 885 4502 8
