2938 5016
310 389 343 438 to
566 378 720 432 RIOHERI
739 379 992 432 HISTORIARUM
1011 380 1123 432 LIBER
1143 381 1180 432 11.

245 571 297 614 ser.
310 554 464 620 electione
486 550 570 632 cleri,
593 548 777 616 adolescens
799 548 959 634 egregius,
989 555 1084 634 atque
1111 548 1266 613 adomno
1286 545 1405 612 Artoldo

309 639 483 704 Remorum
505 632 749 720 metropolitano
772 641 977 697 consecratur
998 633 1181 732 episcopus.

393 721 443 784 61.
475 720 572 784 Post*
595 717 674 782 haec
695 737 771 782 vero
794 739 852 780 rex
874 717 908 780 in
929 715 1094 802 Belgicam
1124 717 1286 798 concessit,
1311 714 1407 801 ibique

230 830 235 842 ’
310 806 340 870 ei
354 803 516 868 locuturus
532 803 608 867 Otto
631 803 724 866 rex**
748 801 875 866 obviam
891 801 987 866 venit.
1020 799 1071 864 Ac
1087 821 1232 947 que-espa
1246 801 1408 864 necessaris

310 887 501 968 ordinantes,
535 884 630 951 ambo
656 907 749 970 reges
771 883 968 970 Aquisgrani
996 884 1116 970 pascha
1144 883 1302 948 ceebrant
1324 893 1409 970 atque

310 971 409 1038 multa
430 971 607 1036 reverentia
628 991 696 1034 sese
718 977 828 1034 mutuo
848 967 1013 1052 honorant,
1035 977 1151 1054 atque¹
1176 967 1238 1032 hoc
1252 968 1291 1033 ab
1306 967 1409 1032 Ottone

310 1055 460 1204 {mplium
483 1075 503 1118 a
525 1075 587 1141 quo
610 1055 728 1120 etiam·
750 1052 934 1118 Ludovicus
963 1053 1059 1138 regiis
1089 1052 1181 1117 donis
1209 1050 1410 1117 liberalissime

333 1149 492 1206 onoratur.

479 1224 529 1288 62.
562 1221 641 1286 Dux
662 1220 798 1285 urbemi
821 1221 1033 1284 Remensemb
1058 1221 1260 1319 impugnata

394 1307 483 1372 Dum
504 1306 583 1370 haec
606 1307 651 1370 ita
672 1327 740 1370 sese
763 1304 926 1386 haberent,
949 1303 1016 1367 dux
1038 1303 1078 1368 de
1098 1327 1184 1390 regis
1206 1305 1321 1368 iniuria
1337 1301 1413 1389 apud

312 1413 386 1456 suos
408 1389 560 1476 agitabat,
584 1391 831 1476 oportunitatem
853 1389 887 1452 in
908 1389 994 1474 regis
1020 1388 1165 1453 absentia
1186 1408 1413 1472 asserensque

311 1476 423 1541 urbem
445 1475 618 1539 Remorum
641 1473 756 1558 capiat,
778 1495 852 1536 cum
873 1481 949 1536 tunc
970 1472 1047 1538 urbs
1068 1482 1135 1537 tam
1156 1474 1309 1558 episcopo
1330 1493 1413 1557 quam

311 1559 465 1624 militibus
498 1581 601 1624 vacua
630 1567 722 1640 esset,
755 1579 813 1620 rex
846 1557 943 1638 etiam
971 1557 982 1619 i
1008 1579 1041 1620 sc
1070 1556 1149 1620 alias
1172 1567 1341 1642 occupatus
1358 1553 1413 1617 alia

312 1653 465 1730 quereret.
510 1642 605 1707 Unde
636 1651 667 1706 ct
694 1639 848 1728 possibile
875 1578 1046 1724 asserebat,
1079 1640 1164 1704 facili
1192 1641 1414 1726 expugnatione

311 1725 424 1792 urbem
447 1728 533 1812 capi,
556 1725 652 1812 idque
675 1735 863 1810 attemptare
886 1746 955 1788 sese
977 1723 1149 1810 plurimum
1169 1723 1260 1789 velle.
1303 1723 1414 1806 Quibus

312 1809 428 1874 milites
459 1811 554 1896 capti,
585 1811 618 1874 in
646 1807 758 1874 urbem
787 1807 957 1874 mittendas
985 1807 1130 1874 cohortes
1156 1821 1293 1874 censent.
1335 1809 1415 1889 Quae

313 1893 465 1958 collectae
488 1915 561 1956 cum
582 1893 663 1957 duce
686 1893 883 1978 gradiuntur.
926 1892 1049 1956 Urbem
1072 1902 1228 1979 appetunt
1249 1904 1281 1958 ct
1296 1894 1415 1956 circun-

314 1998 440 2064 quaque
473 1975 638 2042 obsidione
671 1989 829 2063 premunt.
884 1975 1117 2041 Diffunduntur
1149 1999 1278 2064 quoque
1309 1977 1415 2062 passim

312 2070 409 2148 atque
435 2060 629 2126 frumentum
658 2083 700 2126 ex
729 2060 808 2126 locis
838 2061 997 2146 contiguis
1024 2061 1059 2124 in
1085 2083 1179 2125 usum
1207 2083 1334 2146 pugnae
1354 2081 1416 2124 con-

312 2155 449 2212 vectant.
506 2145 620 2210 Castra
654 2145 748 2210 fossis
787 2145 936 2210 muniunt
972 2143 1177 2230 cratibusque
1220 2144 1415 2210 circumdant.

311 2230 459 2316 Puguam
474 2252 550 2379 ergo
565 2231 599 2294 in
614 2229 701 2295 dies⁸
715 2239 791 2294 auta
807 2227 905 2294 semel
919 2239 974 2295 aut
994 2229 1045 2294 bis
1060 2229 1208 2293 inferunt.
1241 2229 1309 2293 Nec
1324 2230 1417 2292 minus

312 2325 344 2380 et
366 2318 452 2381 cives
474 2339 513 2381 ve
538 2315 752 2380 amentissime
774 2315 934 2378 resistunt.
971 2313 1104 2399 Iamque
1119 2312 1153 2376 id
1169 2312 1282 2378 diebus
1297 2332 1416 2377 numere

313 2399 333 2462 9
356 2400 532 2484 agitabant,
555 2421 629 2464 eum
651 2419 760 2484 regem
783 2396 863 2462 adeo
886 2396 953 2461 indi
999 2407 1086 2462 atum
1108 2397 1234 2484 regredi
1256 2396 1297 2461 ab
1324 2398 1414 2464 obser·

311 2484 476 2549 vatoribus
505 2484 676 2547 nuntiatur.
720 2481 764 2546 Et
789 2503 865 2546 mox
887 2481 956 2546 obsi
981 2484 1053 2546 ione
1075 2481 1186 2565 soluta,
1219 2481 1418 2548 duodecimac

314 2565 387 2629 die²
409 2567 450 2631 ab
472 2565 552 2630 urbe
574 2566 750 2630 discedunt.

397 2649 447 2714 63.
478 2649 547 2714 Nec
569 2650 625 2713 diu
646 2659 787 2715 moratus
808 2673 866 2716 rex
884 2649 997 2716 urbem
1012 2651 1227 2715 succurrendo
1243 2650 1417 2736 ingreditur.

313 2731 411 2796 Aud
444 2753 540 2819 quem
573 2755 650 2798 mox
702 2735 840 2820 rincipes
869 2733 1002 2816 collecti,
1035 2733 1075 2798 de
1105 2735 1172 2800 eius
1201 2757 1239 2799 ac
1269 2733 1417 2800 communi

313 2753 413 2880 salute
436 2815 622 2882 consultant.
666 2757 709 2882 lli
731 2819 807 2904 quia
828 2839 933 2882 rerum
955 2817 1074 2884 utilitas
1096 2819 1268 2884 Ottonem‘l
1291 2817 1419 2884 consiliis

387 2941 398 2964 ’⁸'
610 2944 615 2956 '
651 2943 656 2956 ⁸
797 2945 802 2956 '
886 2944 891 2956 '
964 2945 970 2958 ⁸
1131 2944 1137 2956 '
1413 2960 1418 2971 ·

400 2941 1419 3084 litit,tll‘ttttbtzlmtissl‘tit1ttt⁰⁸tt0⁰titiati⁴i·
1465 3075 1466 3090 Ν

434 3088 539 3140 Celtica
562 3089 618 3141 iere
644 3107 735 3142 omnes
762 3093 890 3158 episcopi,
917 3092 1036 3156 abbates,
1060 3095 1170 3144 comites
1191 3100 1219 3144 et
1237 3093 1349 3152 nobiles,
1373 3091 1418 3143 illis

433 3163 562 3214 duntaxat
582 3165 701 3232 exceptis
721 3165 766 3231 qui
784 3170 876 3231 partes
897 3167 972 3218 ducis
991 3167 1115 3232 Hugeuis
1134 3169 1323 3232 sequebantur.
1351 3167 1418 3219 Gon·

433 3238 506 3288 muni
531 3239 647 3288 omnium
674 3238 782 3289 decreto
802 3239 935 3302 statuitur,
954 3245 984 3290 ut
1001 3241 1093 3306 regiae
1114 3239 1253 3306 dignitatis
1274 3257 1355 3293 causa
1374 3239 1418 3289 dis·
1465 3235 1466 3258 ³

430 3315 574 3378 poneretur
592 3313 664 3379 apud
683 3327 774 3377 regem
794 3312 923 3377 Magnum
943 3313 1077 3378 Ottonem,
1094 3329 1125 3364 so
1146 3315 1217 3380 quod
1242 3317 1301 3382 ipse
1319 3312 1418 3366 tuocin

430 3383 544 3450 Belgica
561 3391 713 3445 moraretur,
734 3390 761 3436 et
780 3385 853 3452 apud
873 3385 950 3450 alios,
970 3402 1080 3452 querum
1094 3387 1252 3454 prudentiae
1265 3405 1307 3440 res
1320 3387 1419 3456 publiea

430 3458 565 3509 videretur
579 3457 801 3510 commendanda
840 3459 876 3510 Et
900 3459 998 3525 legatis
1017 3462 1140 3526 utrinque
1161 3461 1280 3524 directis,
1299 3478 1346 3512 rex
1366 3461 1418 3510 Otto

430 3530 527 3581 indicit
551 3529 713 3598 colloquium
734 3531 861 3597 generale
890 3533 918 3582 in
947 3532 1047 3599 palatio
1076 3535 1238 3602 Aquisgrani
1267 3537 1302 3587 ad
1333 3537 1417 3586 festum

431 3601 582 3654 dominicae
610 3606 812 3656 resurrectionis
841 3607 960 3672 proxime
986 3605 1147 3657 habendum.
1193 3607 1238 3674 (A.
1258 3605 1335 3675 949.)
1355 3609 1417 3658 Anno

430 3681 586 3740 praenotato
606 3691 652 3726 rex
672 3677 735 3729 Otto
758 3684 785 3729 et
803 3677 958 3730 Ludovicus
972 3679 1110 3732 Gallorum
1129 3682 1203 3732 iuxta
1220 3681 1373 3733 condictum
1389 3675 1416 3728 ad

428 3747 525 3798 festum
553 3747 702 3800 dominicae
724 3754 928 3804 resurrectionis
952 3755 980 3804 in
1002 3755 1164 3820 Aquisgrani
1188 3757 1365 3818 cenveninnt;
1389 3747 1417 3800 ad

430 3835 497 3885 quas
517 3836 531 3870 e
552 3821 696 3872 Germania
715 3829 742 3874 et
761 3824 851 3876 Gallia
869 3826 989 3878 nonnulli
1010 3843 1115 3894 quoque
1133 3829 1277 3893 principes,
1298 3823 1416 3894 episcopi,

429 3893 541 3944 abbates
556 3899 583 3945 et
596 3897 706 3948 comites
721 3898 913 3958 confluxerunt,
927 3901 973 3966 qui
986 3915 1078 3951 omnes
1092 3915 1150 3950 cnm
1165 3917 1269 3952 summa
1279 3897 1417 3952 reverentia

430 3972 457 4018 et
474 3965 573 4018 bonore
593 3975 716 4020 sanctum
735 3972 837 4037 pascha
850 3973 877 4022 in
892 3971 964 4024 dicto
978 3973 1078 4039 palatio
1096 3973 1290 4026 celebrarunt³.

371 4037 406 4104 *')
426 4039 556 4106 Belgicae
576 4041 641 4092 cdd.
662 4041 686 4094 1.

361 4146 391 4246 ea)
410 4151 519 4198 possead.
579 4149 602 4201 b)
620 4151 690 4198 rbem,
706 4163 786 4193 ensem
802 4154 841 4204 lm,
859 4157 899 4196 nat
914 4155 970 4195 etse.
1023 4153 1043 4206 c)
1061 4154 1150 4196 declina
1168 4157 1188 4198 1.
1242 4154 1265 4208 d)
1283 4166 1323 4205 reg
1340 4153 1417 4196 scritm

310 4217 412 4258 eoepum.

386 4300 414 4366 l)
424 4303 532 4354 Richeri
542 4304 765 4356 additamentum.
829 4307 856 4370 2)
870 4314 959 4360 oetaeo
965 4315 1107 4375 postquam
1118 4309 1284 4363 aduenerant
1295 4310 1339 4364 die
1349 4303 1415 4361 Flet.
1463 4363 1464 4366 ,

320 4374 349 4437 3)
363 4374 437 4435 Quae
452 4381 480 4426 ut
493 4376 578 4428 seculi
591 4379 666 4430 XVI.
681 4382 899 4431 commentarium
913 4381 1011 4434 nullius
1025 4384 1191 4435 auctoritatis
1212 4400 1279 4449 esse,
1300 4388 1380 4452 patet.
1392 4379 1417 4430 P·
1462 4375 1464 4444 j

1461 4563 1464 4616 l
