2936 5010
260 388 413 440 RIGHERI
431 387 685 443 HISTORIARUM
704 390 815 442 LIBER
833 391 884 442 111.
1083 395 1134 444 113

41 556 112 620 tibus
132 555 173 620 ad
198 555 319 620 victum
346 555 551 621 deferendum
578 556 687 624 stadiis
711 558 771 622 160
792 559 1049 647 circumquaque.
1091 561 1135 626 Et
1145 584 1196 627 arr.

58 641 104 701 uia
124 639 272 738 Sequana
290 638 501 722 interfluebat,
522 651 632 706 neuter
653 642 809 706 exercitus
831 642 872 706 ad
894 665 928 707 se
949 644 1132 711 accedebat.

40 661 106 786 box
130 745 214 788 enrm
243 725 276 786 in
304 723 402 789 altera
429 723 520 788 fluvii
547 736 637 810 parte
664 724 778 790 milites
805 725 990 811 colligebat3
1019 737 1052 792 at
1071 731 1133 795 hoc

39 807 163 870 triduum
184 829 249 871 non
270 807 447 873 sufficiebat
468 808 509 872 ad
531 807 777 894 colligendorum
807 809 1031 875 sufficientiam
1052 811 1132 877 mili-

40 899 103 974 tum,
122 913 181 956 nec
202 892 271 956 fieri
292 893 397 977 potuit
417 893 520 977 copia,
541 893 625 958 unde
647 892 924 978 congrederetur*

342 1029 390 1094 76.
434 1029 656 1096 Monomaohia
677 1031 821 1096 duorum.

108 1129 189 1196 Gum
219 1142 313 1217 ergoa
340 1142 473 1218 uterque
503 1134 661 1198 exercitus
690 1133 786 1198 dubio
812 1145 894 1200 esset
922 1144 1004 1200 statu
1033 1145 1064 1200 et
1094 1135 1134 1201 de

38 1214 156 1279 victoria
171 1215 359 1280 altrinsecus
373 1225 440 1280 tota
454 1227 559 1281 mente
575 1227 788 1302 quaereretur,
809 1217 986 1282 Germanus
1003 1219 1133 1304 quidam

38 1299 126 1364 animo
148 1298 242 1363 simul
265 1311 296 1365 et
316 1301 438 1364 viribus
452 1300 563 1384 fidens,
586 1300 754 1387 singularis
770 1301 812 1366 ad
827 1303 1043 1367 dimicandum
1059 1325 1132 1366 cum

37 1387 116 1447 annis
143 1387 300 1469 processit
326 1406 458 1470 seseque
479 1384 520 1448 ad
542 1394 681 1470 pontem,
709 1384 765 1449 ubi
790 1396 901 1470 portae
928 1396 1017 1450 erant
1043 1409 1132 1472 repa-

37 1464 102 1548 gulis
123 1478 154 1532 et
175 1467 274 1532 clavis
295 1469 405 1533 ferreis
426 1469 575 1547 munitae,
598 1481 839 1553 congressurum
861 1468 962 1533 solum
977 1493 1050 1534 cum
1065 1469 1131 1535 solo

39 1548 140 1615 obtrlit.
184 1551 322 1616 Hostem
344 1563 379 1616 ut
399 1554 521 1617 veniret
542 1551 711 1638 singularis
734 1574 961 1637 saepenumero
983 1553 1132 1618 inclama-

37 1634 78 1696 vit.
114 1636 254 1700 Etcum
281 1637 346 1700 iam
372 1637 406 1699 in
429 1635 592 1700 Gallorum
622 1646 835 1722 contemptum
860 1638 1017 1722 quaedam
1037 1637 1133 1703 male-

37 1714 105 1782 dicta
124 1719 309 1801 effimderet,
330 1741 390 1784 nec
410 1719 524 1806 aliquis
546 1721 575 1785 ei
589 1721 803 1805 responderet,
824 1744 882 1807 per
898 1721 1044 1786 custodes
1059 1722 1134 1786 duci

37 1797 150 1888 aliisque
171 1803 381 1890 principibus,
410 1805 464 1890 qui
485 1805 549 1868 iam
572 1806 667 1889 pauci
688 1805 889 1886 advenerant,
918 1806 1052 1870 relatum
1074 1816 1131 1890 est,

37 1882 67 1946 ad
105 1896 186 1952 ortas
208 1889 315 1974 pontis
336 1888 519 1952 huiusmodi
540 1911 608 1953 esse
630 1888 799 1971 hominem,
823 1890 877 1974 qui
900 1911 969 1954 sese
984 1888 1025 1953 ad
1041 1890 1132 1954 dimi·
1181 1955 1188 1966 ,

37 1908 153 2034 candum
185 1970 388 2056 singulariter
419 1971 521 2036 solum
553 1995 625 2036 cum
653 1971 718 2036 solo
745 1983 951 2058 proponeret,
978 1973 1131 2060 illumque

36 2053 141 2133 probris
162 2067 194 2120 et
218 2054 417 2120 contumeliis
431 2055 601 2120 verborum
616 2057 776 2142 principes
790 2055 946 2138 lacessire,
969 2078 1027 2121 nec
1041 2055 1131 2120 illum

37 2134 94 2200 inde
112 2161 311 2204 recessurum
333 2161 411 2220 esse,
433 2141 495 2202 nisi
516 2151 572 2204 aut
593 2137 793 2224 singulariter
814 2141 1046 2224 congrediatur,
1076 2151 1131 2204 aut

37 2221 117 2301 portis
144 2224 256 2287 incisis
285 2232 369 2288 totus
391 2225 549 2288 exercitus
574 2223 807 2286 intromittatur.
851 2223 929 2285 Dux
950 2244 1023 2285 cum
1044 2223 1129 2306 prin-

38 2303 142 2387 cipibus
169 2308 255 2370 hanc
282 2305 505 2370 contumeliam
526 2327 590 2370 non
617 2305 730 2387 ferens,
757 2306 896 2368 tironesb
922 2305 1072 2387 hortatur,
1094 2315 1129 2368 ut

37 2383 209 2454 tuentem*
239 2389 393 2476 repellant
429 2400 460 2453 et
486 2411 506 2452 a
531 2397 619 2452 tanta
640 2389 814 2472 ignominia
835 2390 963 2487 purgati
990 2390 1128 2453 nominis

37 2467 149 2552 gloriam
171 2473 235 2539 sibi
257 2475 414 2539 affectent.
450 2473 528 2537 Mox
572 2494 646 2537 uam
690 2471 773 2536 lures
795 2495 900 2536 ammo
920 2473 1065 2538 ardentes
1088 2473 1129 2538 ad

37 2556 229 2623 resistendum
244 2563 331 2623 *sese
347 2555 535 2622 obtulerunt.
550 2494 642 2643 brgo
659 2495 698 2620 de
715 2555 857 2642 pluribus
872 2579 954 2620 unus
968 2555 1197 2626 electus***·101.
1214 2585 1252 2629 ea.

39 2656 246 2725 congessurus
275 2640 429 2728 procedit.
472 2643 633 2706 Premium
661 2641 721 2705 viri
742 2640 831 2705 fortis
853 2642 1051 2726 propositum
1073 2651 1129 2707 est.

39 2717 70 2784 Et
86 2724 195 2791 ablatis
225 2725 396 2811 repagulis,
426 2735 538 2811 portae
565 2725 741 2811 patefactae
769 2735 849 2790 sunt.
892 2725 1041 2790 Procedit
1069 2726 1130 2791 sibi

40 2802 146 2874 obviam
174 2811 276 2876 hostis
302 2821 444 2895 uterque.
494 2810 556 2890 Qui
584 2810 717 2875 obiectis
746 2807 784 2872 oli
809 2810 853 2873 eis
882 2809 1015 2894 telisque
1043 2810 1130 2875 obni-

39 2895 128 2974 tentes,
150 2903 258 2959 mente
278 2893 396 2957 furiata
416 2914 520 2978 pauca
541 2893 713 2958 admodum
751 2832 846 2957 robra
860 2893 921 2956 sibi
936 2894 1129 2958 obiecerunt.

41 2969 197 3042 Germanus
220 2978 347 3042 tandem
369 2976 468 3040 telum
490 2977 653 3060 iaculatus,
684 2915 767 3041 Galli
796 2976 931 3063 clipeum
952 2978 1043 3062 gravi
1065 2979 1131 3042 ictu

40 3062 188 3137 pertundit.
235 3060 416 3147 Gladioque
443 3060 556 3125 educto
586 3084 659 3125 oum
688 3082 799 3144 urgere
827 3062 967 3142 instaret,
995 3081 1015 3122 a
1037 3059 1129 3125 Gallo

40 3159 98 3206 mox
110 3145 170 3211 telo
187 3143 351 3231 obliquato
367 3145 529 3210 confixus⁰
551 3156 647 3230 atque
666 3145 754 3208 vitad
773 3145 916 3228 privatus
931 3152 986 3208 est.
1018 3143 1129 3208 Gallus

40 3224 153 3293 victoria
205 3230 310 3310 otitus,
340 3228 379 3292 ab
401 3227 490 3292 hoste
516 3239 607 3313 rapta
628 3249 716 3292 arma
737 3229 911 3311 asportavit
938 3237 1033 3312 atque
1054 3228 1129 3291 duci

40 3305 140 3379 obtulit.
218 3313 245 3376 ir
266 3313 354 3377 fortis
376 3314 533 3397 premium
555 3313 647 3397 petiit
668 3321 699 3375 et
719 3311 852 3395 accepit.

87 3449 131 3515 77.
177 3450 304 3516 Ottonis
326 3471 346 3513 a
368 3447 489 3514 Gallia⁰
512 3448 692 3535 digressuse
714 3461 928 3535 suorumquee
949 3446 1055 3534 fugat
1114 3513 1118 3524 ,

106 3553 181 3618 Otto
210 3551 375 3616 Gallorum
401 3552 578 3616 exercitum
604 3551 720 3615 sensim
749 3549 854 3635 colligi
883 3572 947 3614 non
972 3551 1131 3634 ignorans,

38 3650 114 3699 suum
136 3639 233 3702 etiarn
255 3644 320 3699 tam
341 3633 436 3720 longo
458 3637 569 3700 itinere
590 3657 686 3722 quam
712 3635 851 3699 hostiurn
879 3636 1010 3703 incursu
1038 3655 1132 3720 posse

95 3821 118 3890 ⁸)
135 3826 195 3876 Nec
214 3824 447 3892 pretermittendns
472 3826 577 3876 videtur
602 3841 761 3912 cqngresaus
787 3824 906 3889 duorum,
933 3841 1043 3890 quorum
1063 3825 1133 3875 alter

88 3965 121 4036 “l
140 3899 298 4022 Gterblablbldl’
313 3899 466 4023 ldlddnleedro
479 3899 655 4038 redbllldnlugt
674 3899 785 4024 ddldntb·
804 3971 948 4036 ignominia
974 3986 1026 4022 non
1046 3969 1132 4021 solum

140 4059 209 4110 sese,
229 4045 276 4096 aed
296 4051 323 4096 et
341 4051 424 4096 totam
443 4051 550 4110 gentem
569 4060 643 4096 suam
663 4045 805 4096 emundent
824 4060 856 4093 ac
875 4059 922 4110 per
940 4042 1044 4093 infinita
1065 4049 1133 4093 tern-

141 4133 209 4182 pora
226 4133 252 4169 n.
272 4119 309 4184 gl.
331 4119 356 4170 1.

77 4183 121 4255 m,
139 4191 205 4242 IVO
225 4191 280 4242 odd
300 4193 325 4243 1.

86 4332 106 4384 1)
118 4340 168 4384 port
183 4337 233 4376 add.
291 4335 315 4390 b)
332 4339 416 4380 milites
431 4349 536 4389 asportor.
551 4337 589 4378 vel
604 4338 689 4378 tirones
704 4348 722 4380 r.
783 4334 804 4388 c)
820 4347 839 4377 c.
855 4338 889 4376 est
906 4336 925 4375 1.
987 4331 1009 4385 d)
1027 4335 1096 4375 armis
1113 4335 1135 4374 1.

20 4382 317 4477 fflQanm.
877 4464 896 4528 8
