2938 5016
288 373 442 424 RICHERI
461 372 714 425 HISTORIARUM
733 373 844 425 LIBER
863 374 901 426 11.
1135 376 1168 426 77

56 539 318 623 commonendus;
355 550 387 604 et
418 549 492 626 post
525 541 667 604 omnium
700 540 901 605 anathemate
934 540 1230 627 dampnandusass.

55 625 93 688 Et
122 645 189 687 non
220 623 324 688 solum
355 623 417 706 ille,
451 645 563 688 verum
593 645 702 688 omnes
735 626 790 710 qui
817 625 847 688 ei
873 626 907 688 in
938 624 1030 690 malis
1061 627 1169 692 favere

55 708 228 794 faventque.
264 706 330 772 Sed
349 707 433 772 hanc
455 706 558 771 solum
585 731 606 772 a
626 707 719 772 nobis
745 709 902 792 accipiet¹
932 730 1037 796 opem.
1070 710 1169 774 Num-

56 792 125 877 quid
147 813 225 856 vero
249 791 291 856 ab
313 790 375 856 alio
398 793 571 877 quicquam
594 792 665 876 opis
687 793 845 876 accipiet?
879 792 959 856 Eius
982 795 1168 879 conquestio

56 877 85 938 in
104 899 163 940 sua
185 874 328 940 clausula
350 897 445 960 opem
467 877 611 940 omnium
632 875 782 960 postulat.
827 875 892 940 Sed
919 877 946 939 si
975 898 995 939 a
1023 879 1116 942 nobis
1139 879 1169 942 ei

56 962 253 1042 succurritur,
275 981 295 1023 a
310 959 427 1024 domno
443 957 562 1024 Ottone
576 981 652 1057 rege
668 959 746 1044 quid
760 959 917 1107 accipiet?
939 960 983 1024 Et
997 961 1169 1026 decretalia

57 1055 160 1108 sancta
190 1043 378 1126 acclamant,
406 1052 577 1129 postquam
606 1043 740 1107 tirannis
762 1066 824 1108 ana
860 1065 932 1107 ema
954 1043 1168 1109 damnationis

56 1127 91 1190 ab
113 1129 275 1212 episcopis
297 1129 450 1191 iniectum
472 1136 529 1208 est,
559 1149 579 1190 a
605 1125 698 1190 bonis
722 1147 850 1213 quoque
872 1127 1055 1276 potentibus
1077 1129 1167 1192 vim⁸

56 1211 261 1293 inferendam,
283 1222 328 1293 ut,
352 1213 379 1274 si
402 1210 645 1274 aecclesiasticis
667 1211 877 1275 *correctioni
901 1233 939 1274 us
961 1211 1003 1276 ad
1023 1225 1277 1281 normam‘n.oos.

55 1295 151 1360 redire
166 1295 289 1377 nolunt,
312 1293 424 1359 saltem
438 1295 617 1380 potentium
631 1294 812 1360 vehementi
826 1295 977 1360 violentia
992 1296 1034 1360 ad
1048 1295 1169 1361 bonum

56 1379 153 1445 redire
176 1389 343 1464 cogantur,
364 1389 400 1442 ut
420 1378 473 1443 vcl
493 1379 601 1443 invitis
622 1377 708 1442 bona
726 1381 924 1464 prestantur’.

246 1499 296 1563 76.
331 1499 465 1564 Oratiob
489 1499 634 1563 Ottonisb
656 1501 741 1584 rc'gis
762 1521 821 1584 pro
844 1499 966 1564 eodem.

131 1601 186 1666 Ad
206 1602 287 1666 haec
306 1625 365 1666 rex
387 1599 480 1664 Otto:
524 1600 653 1683 ‘Multa’,
675 1602 787 1686 inquit,
819 1607 911 1684 ‘sunt,
933 1612 1051 1688 patres,
1073 1602 1168 1668 bene-

56 1684 131 1767 ficia,
158 1707 241 1772 quae
269 1709 289 1749 a
317 1686 429 1750 vobisc
457 1685 575 1750 domno
605 1707 643 1749 ac
673 1686 875 1749 serenissimo
903 1687 972 1772 regi
1001 1685 1168 1752 Ludovico

56 1767 167 1834 utiliter
188 1769 427 1834 accommodari
447 1768 607 1834 valebunt.
653 1769 782 1832 Etenim
810 1771 837 1832 si
864 1771 932 1834 eius
960 1772 1168 1836 insectatores

57 1855 146 1917 armis
175 1854 294 1918 divinis
326 1853 532 1936 adoriamini,
566 1863 796 1939 consequenter
828 1863 882 1917 aut
913 1854 1000 1919 facili
1028 1854 1168 1920 tumultu

57 1937 166 2002 devicti
179 1937 355 2019 labascent,
370 1947 434 2018 aut,
450 1938 477 2000 si
493 1936 570 2022 quid
587 1937 806 2022 impetendum
820 1937 1024 2026 relinquetur,
1043 1939 1168 2003 facilius

56 2023 163 2085 nostris
185 2023 284 2086 armis
306 2019 528 2085 infirmabitur.
570 2021 638 2086 Vos
660 2043 748 2106 erge,
770 2021 899 2086 iubente
929 2023 1039 2088 domni
1061 2045 1167 2109 papae

56 2103 81 2166 le
102 2115 162 2188 ato,
199 2107 298 2171 vestri
328 2105 448 2169 ordinis
482 2106 692 2170 instrumenta
721 2107 861 2170 *exerite
897 2128 936 2170 ac
963 2109 1044 2171 tanti
1081 2113 1234 2191 regiensi.
1247 2128 1282 2170 rs.

57 2127 251 2254 adversarios
273 2187 483 2255 anathematis
504 2187 611 2274 gladio
633 2188 898 2254 transverberate.
943 2190 1063 2255 Contra
1085 2212 1167 2274 quae

58 2273 81 2333 si
101 2276 259 2338 cervicem
280 2283 393 2359 postea
416 2274 538 2358 erigere
560 2273 698 2337 audeant
728 2282 759 2336 et
788 2271 956 2336 dominicis
989 2273 1166 2336 interdictis

57 2359 196 2422 resistere
223 2357 288 2422 nnn
315 2358 497 2437 formidant,
525 2367 668 2420 nostrum
698 2356 814 2420 exinde
841 2357 909 2436 erit,
938 2355 1053 2442 quibus
1082 2378 1166 2420 corn-

58 2442 183 2506 missum
217 2451 265 2506 est
297 2443 331 2505 in
361 2441 423 2505 hac
455 2441 567 2504 mundi
592 2451 683 2526 parte
713 2449 856 2504 sanctam
884 2440 949 2504 Dei
978 2439 1167 2505 aecclesiam

58 2527 139 2608 tueri,
161 2528 254 2590 utin
274 2525 353 2590 tales
375 2547 465 2589 arma
487 2547 660 2606 sumamus,
682 2523 866 2588 huiusmodi
881 2524 1085 2589 debellemus
1124 2524 1167 2589 Et

60 2609 82 2670 si
93 2611 267 2674 necessitas
282 2609 446 2695 adurgeat,
468 2609 585 2672 strictis
600 2607 716 2694 gladiis
730 2631 832 2695 usque
847 2608 889 2673 ad
903 2610 1169 2674 immanissimam

60 2694 181 2758 caedem
204 2694 491 2780 perditissimorum
513 2692 678 2757 hominum
693 2692 902 2775 deseviamus,
925 2692 1035 2758 habita
1049 2695 1083 2756 in
1098 2691 1168 2757 illos

59 2776 244 2842 iustissimae
275 2777 527 2862 indignationisd
555 2798 661 2858 causa,
692 2777 778 2863 quod
799 2775 909 2840 illicita
931 2777 1169 2864 aggrediantur,

60 2870 86 2922 et
105 2885 162 2947 pro
185 2861 303 2926 illicitis
325 2862 500 2944 ammoniti,
522 2882 587 2924 non
601 2861 809 2946 corrigantur.
841 2861 909 2924 Vos
923 2862 1031 2948 itaque
1046 2870 1169 2926 tantum

59 2949 164 3010 vestris
186 2947 332 3011 insistite.
375 2945 420 3008 Et
443 2953 517 3030 post
544 2945 734 3008 modestiam
763 2953 902 3008 vestram
931 2946 1032 3010 virtus
1061 2955 1170 3010 nostra

61 3033 220 3114 sequetur'.

157 3159 207 3223 77.
241 3157 389 3242 Epistola
410 3178 429 3220 a
451 3154 582 3219 sinodo⁰
604 3154 646 3219 ad
668 3155 863 3241 Hugoneme
886 3154 1033 3240 delegata
1042 3170 1064 3221 ⁰.

10 3309 12 3338 ,
137 3260 263 3342 Quibus
286 3259 390 3340 dictis,
413 3279 490 3321 mox
513 3256 617 3321 sinodi
638 3256 765 3322 decreto
787 3255 922 3342 epistola
944 3255 1047 3320 deseri
1072 3267 1105 3321 ta
1123 3265 1172 3320 est

61 3343 225 3432 palamque
247 3345 389 3424 recitata,
418 3341 501 3405 hano
521 3341 693 3406 verborum
714 3341 829 3406 seriem
850 3350 997 3404 tenens2:
1042 3280 1172 3405 ‘bansta

62 3428 183 3494 sinodus
205 3431 240 3491 in
260 3427 379 3513 palatio
409 3423 600 3510 Angleheim
628 3424 688 3490 sub
717 3423 844 3489 domnis
866 3434 899 3488 at
921 3446 962 3488 ue
984 3422 1171 3488 orthodoxis

10 3509 12 3522 ‘
61 3512 182 3597 regibus
213 3511 379 3576 Ludovico
411 3517 444 3574 et
475 3509 592 3575 Ottone
623 3506 742 3573 utiliter
770 3507 880 3574 habita
942 3531 964 3572 u
987 3507 1040 3572 oni
1073 3506 1171 3573 ducit

10 3615 12 3676 ι
63 3595 190 3675 Quantis
211 3595 304 3660 malis
327 3603 508 3681 quantaque
524 3593 746 3678 persecutione
771 3593 961 3658 vexaveris'
987 3603 1063 3657 amss
1078 3613 1172 3658 vene·

10 3733 13 3768 ,
61 3679 187 3745 rabilem
223 3681 398 3744 Remorum
426 3675 637 3762 metropolim,
672 3686 791 3763 quanta
825 3699 953 3765 quoque
986 3675 1173 3742 crudelitate

10 3821 12 3936 l
115 3860 138 3913 a)
153 3863 290 3904 violentiam
307 3863 327 3900 1.
392 3859 416 3912 b)
434 3860 472 3912 Or,
488 3861 525 3900 nis
541 3860 596 3899 abac.
661 3856 682 3910 c)
700 3858 767 3899 nobis
784 3860 805 3899 1.
873 3856 897 3910 d)
913 3859 976 3908 dign.
993 3861 1014 3900 1.
1075 3856 1097 3910 a)
1114 3869 1129 3898 a
1144 3859 1173 3910 si,

10 3937 11 3958 ι
62 3918 87 3957 ad
101 3920 250 3974 magonem),
266 3925 305 3960 sta
320 3920 375 3964 abac.
434 3917 492 3970 nd.
508 3919 607 3959 salutem
623 3919 644 3958 1.
705 3915 799 3970 g)v.1.
817 3919 836 3960 1.

10 4001 13 4036 l

10 4127 11 4130 Ἴ
131 4070 158 4137 1)
184 4087 222 4124 sc.
242 4069 406 4121 Ludovicus
486 4067 516 4134 2)
541 4068 689 4136 Epistolam
714 4083 777 4118 vere
801 4069 829 4116 in
853 4067 905 4117 hac
924 4065 1027 4131 synodo
1047 4065 1174 4128 scriptam

10 4155 11 4190 3
64 4155 126 4204 esse,
138 4143 202 4195 licet
221 4142 403 4194 aFlodoardo
419 4143 519 4193 mentio
536 4143 593 4194 eius
610 4141 684 4194 nulla
700 4141 773 4191 facta
789 4141 831 4202 sit,
850 4143 913 4189 acta
928 4139 1032 4203 Legum
1048 4138 1123 4188 Tom.
1134 4138 1174 4201 II,

10 4219 11 4238 ³
64 4229 88 4277 p.
106 4215 147 4266 25.
164 4219 300 4284 proposita
324 4221 469 4280 testantem
491 4217 574 4280 igitur
599 4231 658 4266 eam
683 4230 700 4264 a
720 4213 843 4276 Richero,
869 4217 932 4263 acta
949 4209 1046 4276 synodi
1064 4211 1173 4262 Laudu-

65 4291 147 4340 nensis
161 4290 233 4358 apud
248 4289 431 4341 Flodoardnm
451 4288 601 4351 evolvente,
619 4287 710 4339 fictam
727 4302 794 4349 esse,
808 4287 916 4336 minime
933 4284 1023 4336 credo.
1048 4285 1079 4335 P.
1118 4283 1174 4335 Sed

10 4375 12 4486 y
66 4359 95 4410 cf·
114 4379 180 4428 quas
199 4365 371 4430 Poinsognon
392 4368 419 4414 ot
437 4361 577 4414 Diimmler
594 4378 621 4428 p.
643 4361 694 4410 165
715 4376 741 4410 n.
759 4364 925 4412 monuerunt.
