2936 5010
322 425 374 476 1³4
556 419 709 472 RIOHERI
729 417 979 472 HISTORIARUM
997 417 1110 468 LIBER
1127 416 1196 470 1111.

258 593 370 659 asasui
392 590 566 655 discessum
589 588 703 670 avita,
731 585 881 652 heredem
908 593 1030 649 certum
1051 586 1085 649 in
1105 605 1204 671 regno
1233 582 1422 668 relinqueret,

322 698 391 742 sese
413 671 590 739 consultum
614 670 906 757 comprincipibus
929 667 1070 734 contulit.
1106 668 1148 732 Et
1171 665 1283 733 collato
1298 667 1422 730 cumeis

322 757 462 842 oonsilio,
485 758 658 823 Remorum
679 753 957 842 metropolitanum
971 751 1152 818 Aurelianis
1173 753 1213 818 (16
1236 752 1422 837 promotione

321 843 380 908 filii
401 844 450 908 sui
470 841 614 908 Rotberti
636 840 670 903 in
691 861 825 924 regnum
869 839 933 902 rius
954 860 1014 924 per
1032 835 1163 921 legatos,
1191 845 1265 922 post
1285 857 1342 921 per
1362 856 1422 898 sese

322 927 479 993 convenit.
525 925 586 990 Oui
609 945 681 988 cum
703 859 974 1008 metropolitanus,
1000 943 1065 985 non
1085 931 1171 986 recte
1193 940 1289 1006 posse
1311 919 1422 982 crearia
1460 975 1461 978 ,

322 1011 402 1076 duos
428 1033 520 1096 reges
542 1010 576 1074 in
598 1007 711 1074 eodem
733 1028 826 1088 anno,
849 1004 1065 1092 responderet,
1094 1003 1146 1070 ille
1168 1026 1245 1068 mox
1267 1026 1284 1069 e
1308 1001 1421 1067 istolam

320 1118 340 1160 a
362 1095 442 1160 duce
464 1093 637 1159 citeriorisb
660 1091 835 1177 Hispaniae
849 1087 1012 1155 Borrello¹
1038 1090 1169 1153 missam
1184 1111 1247 1237 pro
1298 1088 1329 1170 ’1,
1350 1107 1422 1233 puae

321 1179 435 1244 ducem
481 1187 617 1244 etentem
639 1175 791 1259 suffragia
812 1183 921 1239 contra
948 1170 1123 1238 barbaros²
1149 1174 1182 1236 in
1206 1171 1322 1238 icabat.
1378 1192 1422 1234 am
1460 1229 1461 1232 ,

321 1265 417 1330 etiam
473 1263 614 1348 ispaniae
635 1269 760 1346 partem
788 1257 932 1323 hostibus
960 1279 1041 1356 pene
1070 1265 1288 1342 expugnatam
1315 1276 1423 1319 assere·
1460 1311 1461 1314 ,

321 1348 407 1430 11610,
436 1356 468 1412 61
488 1347 550 1410 nisi
577 1346 661 1408 intra
688 1364 813 1408 menses
838 1343 878 1406 10
899 1363 1009 1426 capras
1031 1363 1051 1404 a
1073 1339 1174 1405 Gadis
1195 1341 1340 1426 accipiat,
1361 1338 1423 1402 bar·
1460 1379 1461 1382 κ

321 1431 408 1498 baris
423 1437 522 1497 totam
536 1430 570 1494 in
585 1427 779 1494 deditionem
790 1425 1003 1491 transituram.
1028 1425 1162 1490 Petebat
1172 1425 1289 1511 itaque,
1301 1422 1422 1488 alterum
1460 1451 1461 1454 ¹

321 1537 430 1601 rogem
452 1515 563 1596 creari,
583 1521 627 1596 ut,
650 1514 677 1576 si
698 1511 811 1576 bellico
833 1507 990 1575 tumultutl
1011 1507 1146 1572 duorum
1167 1507 1246 1573 alter
1265 1506 1422 1585 decideret,
1460 1535 1461 1538 ¹

322 1599 362 1664 de
383 1599 528 1685 principe
548 1619 613 1662 non
634 1595 791 1662 diffideret
812 1595 979 1659 exercitus.
1017 1593 1104 1658 Fieri
1126 1614 1252 1679 quoque
1273 1588 1423 1656 asserebat

347 1705 426 1766 osse,
454 1705 530 1768 rege
559 1683 748 1765 interempto
769 1689 801 1744 et
821 1680 926 1765 patria
946 1675 1096 1759 desolata,
1124 1677 1297 1763 primatum
1318 1675 1422 1739 discor-

347 1767 428 1848 'am,
461 1787 633 1850 pravorum
662 1773 773 1828 contra
808 1761 909 1828 bonos
942 1758 1133 1825 tirannidem
1176 1769 1206 1825 et
1233 1759 1308 1824 inde
1338 1759 1422 1824 totius

323 1851 427 1933 gentis
449 1849 674 1934 captivitatem.

563 1967 611 2031 13.
654 1967 816 2031 Promotio
838 1965 984 2031 Rotberti
1005 1965 1039 2028 in
1058 1986 1201 2050 regnum.

264 2105 314 2148 aar.
406 2068 668 2156 Metropolitanus
698 2069 743 2132 sic
772 2089 867 2154 posse
896 2067 964 2132 fieri
993 2065 1184 2151 intelligens,
1214 2065 1307 2130 dictis
1336 2065 1421 2148 regiis

201 2166 259 2208 nea.
277 2165 313 2209 2⁶·
324 2156 427 2221 cessit.
468 2155 512 2219 Et
533 2154 608 2242 quia
629 2163 705 2218 tunc
726 2153 759 2216 in
780 2153 944 2219 nativitate
965 2151 1098 2215 Domini
1125 2172 1296 2236 regnorum
1317 2149 1422 2234 princi·
1460 2181 1461 2187 κ

324 2261 382 2339 pes
397 2248 612 2305 convenerant
626 2237 668 2302 ad
683 2235 908 2303 celebrandum
922 2236 1029 2382 rapias
1045 2235 1255 2300 coronationis
1270 2233 1421 2310 honorem,
1460 2279 1461 2282 ¹

324 2347 358 2388 rn
389 2322 522 2390 basilica
553 2331 680 2388 sanotae
711 2320 822 2386 Crucis
855 2322 922 2384 eius
944 2319 1045 2383 fiium
1072 2319 1271 2400 Rotbertum
1302 2317 1421 2382 Francis
1460 2350 1461 2385 ς

325 2406 536 2490 laudantibus,
562 2415 715 2492 6666616ο
744 2417 906 2490 purpura⁰
936 2402 1045 2468 sollem
1070 2405 1152 2469 niter
1177 2403 1342 2467 coronavit
1362 2410 1423 2466 eta

325 2491 418 2555 Mosa
445 2490 542 2556 fluvio
571 2512 673 2577 usque
702 2510 857 2554 oceanum
889 2427 1138 2553 occidentalibus
1166 2508 1276 2572 regem
1305 2483 1422 2572 prefecit

326 2583 357 2638 et
383 2575 556 2639 ordinavit·
585 2585 673 2639 tanta
699 2572 855 2638 industria
883 2580 978 2658 atquc
1008 2571 1145 2638 sollertia
1175 2569 1312 2652 clarum,
1341 2579 1372 2632 ut
1397 2575 1421 2630 et

325 2659 359 2720 in
380 2656 477 2722 rebus
498 2623 687 2723 militaribus
708 2656 894 2743 precelleret
915 2665 947 2720 et
968 2656 1084 2720 divinis
1105 2678 1143 2720 ac
1166 2655 1327 2718 canonicis
1347 2653 1421 2716 insti-

325 2741 401 2805 tutis
423 2740 616 2805 olarissimus
643 2740 827 2824 haberetur3
857 2737 1041 2805 liberalibus
1069 2739 1180 2804 studiis
1208 2739 1420 2816 incomberetr,

326 2824 550 2910 episcoporum
582 2825 677 2888 etiam
710 2825 829 2889 sinodis
856 2826 1023 2891 interesset
1054 2833 1085 2890 et
1117 2845 1190 2888 cum
1222 2823 1289 2887 eis⁰
1322 2839 1420 2886 causas
1460 2854 1461 2860 κ

326 2906 577 2973 aecclesiasticas
599 2907 770 2973 discuteret
791 2929 829 2973 ac
850 2909 1084 2973 determinaret.
1336 2921 1339 2928 '

207 3061 264 3110 ‘aa
280 3065 316 3106 a.
443 3028 491 3093 14.
536 3027 749 3114 *Conquestio
770 3027 882 3092 Karoli
903 3027 990 3114 apud
1011 3027 1129 3092 amicos
1151 3027 1191 3092 de
1212 3049 1320 3112 regno.

409 3129 742 3196 Intereat-³Kar01us
769 3129 856 3216 apud
877 3131 996 3195 amicos
1018 3137 1050 3192 et
1077 3139 1229 3213 cognatos
1258 3138 1345 3194 motu
1364 3145 1421 3212 gra-
1460 3171 1461 3204 3

325 3213 455 3279 vissimo
470 3214 620 3280 movebat
656 3212 795 3279 uerelam
809 3223 842 3278 at
865 3235 905 3278 ue
919 3215 952 3278 in
967 3211 1017 3277 sui
1031 3211 1217 3298 suffragium
1232 3210 1421 3299 querimoniis

326 3297 496 3368 excitabat.
540 3299 604 3380 Qui
635 3238 774 3363 lacrimis
802 3235 958 3362 sudusus:
990 3294 1121 3377 ‘Video'‚
1150 3297 1261 3396 inquit,
1291 3303 1422 3361 ‘aetatem
1460 3357 1461 3362 ,

325 3405 429 3447 meam
450 3383 622 3469 procedere
645 3392 676 3448 et
696 3405 747 3448 me
768 3383 874 3468 ipsum
895 3383 929 3444 in
950 3380 1018 3444 dies
1038 3380 1222 3466 patrimonii
1240 3379 1335 3445 rebus
1350 3377 1421 3442 exui.

324 3465 419 3531 Unde
440 3488 500 3532 nec
522 3468 589 3532 sine
610 3466 749 3531 lacrimis
795 3463 929 3530 arvulos'
942 3486 1030 3530 meos
1052 3465 1194 3550 aspicere
1215 3463 1316 3547 valeo,
1337 3458 1422 3526 infeli·

326 3551 370 3613 cis
393 3552 537 3635 germina
558 3552 667 3637 patris.
710 3487 833 3630 Quibus
855 3550 961 3637 potius
984 3557 1095 3612 auctor
1116 3570 1187 3612 sum
1203 3549 1301 3612 futuri
1321 3543 1422 3610 doloris

348 3653 423 3696 uam
444 3633 582 3697 honoris.
627 3635 711 3698 Satis
739 3632 850 3698 infelix
871 3643 962 3719 pater
982 3631 1037 3714 fui,
1069 3631 1226 3730 quinatis
1247 3631 1358 3696 adesse
1377 3627 1423 3720 sir

359 3715 495 3801 ‘quando
525 3718 624 3802 potui.
677 3716 742 3783 Sed
770 3716 881 3782 saltem
903 3739 970 3800 vos,
999 3715 1124 3798 amiur,
1147 3715 1299 3780 consulite
1321 3712 1423 3778 dolens
1460 3723 1461 3727 ’

326 3800 419 3884 patri,
448 3799 612 3865 subvenite
636 3800 784 3867 destituto
806 3803 940 3889 parenti.
984 3799 1136 3866 Adestote
1161 3801 1243 3864 natis
1273 3801 1307 3863 in
1335 3803 1423 3861 aetate

385 3988 407 4043 a)
425 3991 526 4032 ordinari
543 3993 564 4036 1.
637 3991 660 4044 b)
675 3993 742 4034 inter.
760 3995 780 4034 1.
856 3991 1007 4043 6666616.
1083 3989 1105 4040 (1)
1123 3991 1143 4030 sl
1158 3992 1182 4030 tn
1197 3991 1260 4031 bello
1275 3988 1394 4040 Hispanico
1408 3985 1423 4022 l·
1460 4027 1461 4032 ,

328 4048 350 4101 6)
367 4051 399 4090 sic
413 4062 430 4092 6.
476 4049 571 4102 t'JQuac
585 4057 706 4100 aequantur
721 4053 745 4091 ia
755 4052 813 4100 solio
829 4062 876 4092 eam
892 4052 927 4092 88.
944 4051 1067 4090 cohaerente
1082 4055 1172 4090 6661616
1183 4049 1281 4099 sortasse
1294 4050 1357 4100 prius
1371 4053 1422 4097 qaam
1460 4039 1461 4046 ¹

326 4111 472 4150 antecedentia
487 4111 568 4160 scripta
584 4115 642 4151 caat.
704 4108 727 4162 g)
745 4107 758 4150 6
774 4112 844 4151 amici
859 4111 904 4150 mel
922 4113 941 4149 1.

402 4246 429 4314 1)
450 4249 490 4301 cf.
509 4250 561 4313 111,
581 4250 626 4302 43.
713 4247 742 4316 2)
761 4251 780 4301 i.
801 4266 824 4302 e.
844 4250 1014 4302 Sarracenos.
1090 4247 1119 4316 3)
1138 4249 1215 4301 Η666
1235 4266 1288 4302 non
1306 4253 1368 4317 post,
1385 4215 1461 4296 661

327 4325 389 4443 {nte
407 4322 712 4445 Rotbertiwelectionem
731 4323 855 4390 ponenda
881 4339 949 4394 esse,
971 4330 1120 4392 temporum
1136 4325 1252 4376 rationes
1274 4324 1378 4384 docent;
1397 4317 1424 4369 cl
1459 4353 1460 4362 1

353 4408 458 4443 ermann
476 4411 502 4461 p.
559 4432 565 4446 .
738 4411 742 4420 ·
