2936 5010
334 407 385 456 146
570 401 721 454 RICHERI
741 399 991 454 HISTORIARUM
1011 401 1122 454 LIBER
1141 402 1208 453 1111.

332 571 413 640 velle
442 569 648 638 reconciliari.
700 569 769 635 Sibi
795 570 889 633 etiam
915 568 1048 634 iniuriae
1070 591 1149 651 esse,
1172 569 1257 656 quod
1281 569 1433 654 transfuga

335 667 367 724 et
394 657 535 722 desertor
555 653 732 734 diceretur,
765 674 802 717 eo
832 651 918 738 quod
946 651 1066 717 Karolo
1088 661 1161 739 post
1190 654 1286 719 fidem
1307 654 1431 718 factam¹

335 763 400 806 non
428 738 596 805 obsecutus
625 739 674 802 sit.
718 737 809 801 Etsi
834 757 971 802 vacuum
996 735 1057 800 sibi
1078 746 1169 819 esset,
1198 760 1219 802 a
1240 761 1274 802 se
1295 737 1329 802 id
1349 736 1432 804 deds-

336 827 417 890 coris
445 822 526 890 velle
554 823 688 887 abicere.
731 819 785 884 Ad
813 823 881 884 eius
911 819 1129 886 celsitudinem
1157 821 1261 886 redire
1290 821 1380 902 velle,
1407 831 1433 884 et

336 908 447 974 Karoli
474 907 647 972 amicitiam
672 915 781 1053 utpote
810 903 931 968 domini
952 927 1021 970 sese
1043 915 1163 991 optare.
1208 905 1305 970 Unde
1330 915 1360 970 et
1382 905 1432 970 sibi

358 1014 536 1078 uocumque
558 990 682 1054 libitum
724 999 792 1052 oret
820 988 1052 1053 occurrendum
1078 989 1252 1054 manderet.
1295 988 1433 1054 Amulius

336 1075 516 1143 simulatam
536 1074 633 1139 fidem
653 1074 806 1154 nesciens,
828 1071 949 1158 legatos
969 1071 1112 1138 fallentes
1133 1075 1270 1160 excipit;
1293 1084 1325 1139 et
1337 1083 1433 1160 utpote

221 1181 259 1234 ·p.
276 1183 326 1224 oro.
336 1161 412 1228 boni
433 1159 564 1225 alieuius
586 1159 733 1223 *nuntios
754 1156 979 1222 humanissime
1000 1156 1141 1222 honorat.
1177 1159 1239 1222 Per
1261 1159 1320 1223 hos
1340 1159 1351 1222 i
1401 1179 1433 1220 ue

334 1245 450 1327 locum,
481 1266 542 1330 quo
571 1241 732 1308 occursuri
763 1251 794 1305 et
822 1242 882 1306 sibi
911 1239 1095 1306 collocuturi
1115 1242 1226 1325 forent,
1257 1169 1433 1308 letabdddus

336 1331 490 1416 designat.
522 1325 572 1392 Illi
594 1349 627 1391 se
649 1325 812 1411 decepisse
832 1323 928 1408 letati,
949 1325 1028 1390 haec
1050 1325 1178 1390 domino
1199 1327 1349 1391 referunt.
1381 1325 1433 1406 Qui

336 1413 473 1480 fallatiae
506 1413 710 1476 seminarium
742 1408 860 1474 utiliter
890 1410 1029 1496 positum
1062 1409 1289 1493 considerans,
1322 1409 1433 1476 alcioris

337 1497 584 1564 machinamenti
613 1494 702 1560 dolos
728 1493 855 1580 prodire
884 1514 978 1578 posse
1007 1493 1152 1560 advertit.
1205 1495 1285 1560 Post
1310 1496 1384 1559 haec
1407 1494 1433 1556 in

337 1583 441 1648 locum
470 1589 621 1646 statutum
650 1579 711 1644 sibi
741 1587 926 1660 occurrunt;
955 1575 1156 1676 amplexibus
1181 1577 1328 1664 pluribus
1354 1589 1433 1662 atque

339 1665 454 1734 osculis
476 1665 537 1729 sibi
559 1661 827 1749 congratulantem
849 1671 952 1726 tantos
974 1662 1019 1726 ibr
1040 1661 1294 1728 demonstrantes
1316 1663 1434 1728 affectus

337 1751 445 1832 animi,
468 1746 609 1812 utnulla
630 1745 797 1829 simulatio,
818 1743 922 1809 nullus
943 1743 1034 1810 dolus
1055 1745 1223 1810 videretur.

545 1849 595 1914 42.
638 1847 870 1913 Adalberonis⁸¹
892 1845 1002 1911 dolosa
1023 1847 1215 1913 machinatio
1223 1859 1244 1907 ⁸.

422 1952 466 2015 At
486 1959 559 2036 post
582 1969 654 2012 uam
676 1948 752 2012 satis
774 1947 1053 2035 amplexationum,
1084 1949 1265 2015 osculorum
1287 1952 1362 2015 satis
1382 1949 1433 2012 fac-

337 2046 405 2102 tum
427 2043 483 2114 est,
505 1971 676 2114 Addlbero,
698 2053 795 2116 penes
831 2055 903 2098 uem
920 2032 1126 2098 simulationis
1141 2035 1228 2100 color
1243 2044 1276 2100 et
1291 2033 1354 2098 doli
1368 2055 1434 2096 onus

339 2129 416 2202 erat,
444 2119 606 2182 incautum
630 2116 675 2181 sic
697 2115 783 2202 prior
809 2140 829 2181 a
852 2118 993 2203 oquitur:
1022 2117 1121 2182 ‘Idem
1150 2141 1241 2184 casus
1274 2117 1433 2202 eademque

337 2204 463 2269 fortuna
483 2200 594 2267 ambos
616 2223 674 2265 nos
696 2199 777 2266 male
797 2202 988 2286 perstringit.
1021 2201 1115 2267 Unde
1137 2213 1168 2267 et
1181 2203 1268 2268 idem
1283 2201 1433 2267 consilium

339 2288 535 2373 eademqueb
556 2287 636 2350 ratio
658 2283 750 2348 nobis
772 2285 929 2372 captanda
948 2285 1082 2350 videtur.
1118 2287 1229 2374 Nuper
1251 2289 1339 2352 enim
1353 2281 1432 2350 ambo

338 2372 429 2460 lapsi,
449 2394 507 2436 vos
529 2369 570 2434 ab
607 2370 688 2434 ratia
701 2369 794 2455 regis,
817 2391 876 2454 ego
892 2392 912 2434 a
926 2368 1036 2434 Karoli
1051 2371 1189 2435 amicitia
1203 2371 1321 2436 decidi.
1354 2367 1433 2434 Unde

339 2467 370 2522 et
390 2477 474 2520 nunc
495 2477 552 2520 vos
608 2452 704 2535 arolo,
732 2475 791 2539 ego
819 2454 888 2539 regi
912 2453 1013 2518 faveo.
1064 2453 1120 2520 Ille
1149 2455 1257 2539 vobis,
1287 2456 1345 2520 iste
1370 2451 1432 2516 mihi

339 2539 573 2625 promptissime
602 2536 709 2602 credit.
761 2537 796 2602 Si
823 2539 930 2624 itaque
959 2559 1017 2623 per
1044 2561 1101 2603 vos
1122 2538 1234 2604 Karoli
1261 2561 1351 2602 amor
1370 2535 1433 2600 mihi

339 2624 535 2703 restituatur,
564 2622 649 2706 regis
715 2623 779 2685 atia
805 2619 896 2686 vobis
925 2643 989 2685 non
1018 2620 1128 2686 aberit.
1184 2623 1281 2704 Quod
1310 2633 1341 2687 et
1365 2622 1432 2684 facto

339 2705 466 2770 difficile
487 2727 552 2769 non
573 2707 641 2770 erit.
717 2705 838 2770 erolum
866 2705 963 2852 igitur
991 2707 1167 2789 convenite,
1194 2716 1226 2771 et
1246 2729 1306 2792 pro
1334 2727 1388 2786 me,
1412 2701 1432 2763 si

337 2791 418 2854 forte
440 2789 639 2868 concesserit,
662 2798 758 2852 orate.
801 2789 852 2853 De

339 2874 443 2938 dicere
465 2893 529 2936 non
550 2869 659 2937 inutile
682 2874 749 2937 erit.
781 2873 833 2937 De
856 2874 970 2960 quibus
991 2895 1018 2938 s1
1040 2875 1116 2960 quid
1138 2876 1167 2938 ei
1189 2873 1324 2940 dubium
1345 2875 1432 2938 visun
1455 2869 1456 2930 Ῐ

338 2957 440 3040 fuerit,
462 2966 544 3042 post,
566 2955 670 3038 dicite,
715 2955 893 3021 robandum
918 2960 1132 3023 sacramentis.
1170 2957 1205 3023 Si
1220 2958 1270 3022 his
1285 2960 1432 3046 episcopa·
1455 2999 1456 3006 .

339 3051 409 3106 tus⁰
441 3040 614 3106 reddiderit
643 3062 675 3104 se
700 3063 759 3124 em,
780 3041 886 3105 adsint
914 3051 1093 3106 sanctorum
1121 3042 1179 3107 reli
1202 3044 1290 3126 uiac3
1321 3033 1456 3128 param}

340 3148 410 3190 sum
430 3124 527 3189 fidem
548 3124 662 3190 facere.
706 3124 740 3189 si
763 3123 822 3189 hoc
852 3126 927 3189 satis
950 3127 1009 3190 erit
1029 3135 1060 3190 et
1086 3065 1269 3210 reddiderit,
1297 3127 1336 3192 de
1363 3122 1432 3220 regis
1455 3151 1456 3190 l

339 3211 442 3296 gratia
461 3208 632 3295 plurimum
654 3208 812 3274 confidite.
855 3209 894 3272 In
915 3208 975 3274 hac
996 3208 1104 3293 lingua
1125 3219 1157 3275 et
1179 3233 1276 3275 manu
1298 3233 1361 3297 pax
1384 3215 1433 3270 aa

339 3305 387 3359 est
419 3303 450 3358 et
481 3293 675 3361 dissidentia.
732 3293 853 3378 Regem
886 3292 990 3358 adibo
1045 3293 1256 3359 Commodum
1289 3291 1432 3382 quoddam

339 3376 513 3464 spondeb0,
536 3377 621 3463 quod
642 3399 705 3441 non
727 3376 830 3441 solum
860 3377 930 3459 sibi,
952 3376 1008 3441 sed
1030 3387 1061 3443 et
1082 3379 1216 3464 posteris
1246 3380 1289 3445 sit
1309 3375 1432 3464 profutu-

338 3485 418 3527 rum.
462 3460 563 3526 Delos
584 3460 696 3525 Karoli
717 3460 884 3546 proferam.
928 3461 1057 3526 Incauto
1083 3463 1178 3526 nimis
1207 3461 1432 3548 metropolitano

338 3544 544 3691 preiuditium
565 3545 684 3609 factum
706 3566 854 3610 asseram.
887 3545 930 3610 Et
952 3545 1038 3644 quod
1060 3549 1186 3646 penitus
1208 3547 1269 3612 hoc
1291 3556 1431 3626 metropo-

351 3652 362 3690 l

362 3639 471 3692 tanum
493 3631 641 3714 peniteat,
663 3628 820 3694 nonnullis
836 3628 1133 3715 amplificatmnrbus
1148 3630 1347 3696 asseverabo.
1376 3629 1433 3691 Rex

902 2789 941 2852 de
970 2811 1045 2888 erga
1073 2813 1146 2856 eum
1174 2789 1323 2856 habenda
1351 2785 1433 2851 multa

341 3721 452 3796 suapte
483 3710 561 3774 mihi
595 3711 741 3777 credulus
773 3714 834 3778 hoo
860 3713 1076 3798 gratissimum
1104 3715 1248 3801 accipiet.
1304 3715 1347 3778 Et
1372 3709 1434 3797 quia

340 3795 419 3858 haec
447 3796 526 3858 ratio
555 3797 714 3881 utrimque
742 3797 920 3882 agitabitur,
954 3796 1039 3862 lduo
1072 3798 1239 3863 commoda
1295 3801 1433 3882 ignentur.

340 3879 394 3943 Ex
416 3878 531 3964 quibus
553 3878 676 3944 duobus
691 3882 818 3946 tertium
833 3880 978 3948 elucebit.
1011 3881 1182 3948 Nemeum
1198 3893 1229 3948 et
1242 3903 1283 3948 vo
1307 3883 1334 3946 is
1347 3876 1434 3966 gratia

340 3985 374 4028 re
421 3985 453 4026 m
475 3962 602 4027 etmihi
622 3963 733 4028 Karoli
747 3965 904 4048 reddetur,
928 3987 1058 4052 pennos
1073 3989 1168 4031 conse
1192 3977 1302 4032 uenter
1316 3964 1433 4030 aliorum

340 4070 363 4111 u
378 4049 385 4062 '
399 4048 458 4112 itas
481 4048 725 4133 comparabitur.
760 4048 823 4114 Sed
845 4049 896 4113 hic
914 4050 978 4113 iam
993 4048 1162 4115 verborum
1170 3991 1265 4133 dnis3
1287 4051 1349 4114 iam
1363 4061 1433 4109 nune
1454 4097 1455 4108 .

342 4131 443 4196 dicta⁰
464 4131 554 4196 factis
577 4130 767 4217 probentur’.
810 4133 968 4219 Datisque
991 4135 1122 4199 strictim
1145 4133 1270 4217 osculis,
1293 4131 1434 4220 promissa

342 4213 483 4299 polliciti,
506 4217 546 4282 ab
570 4238 603 4280 se
625 4217 758 4302 digressi
781 4217 879 4282 sunrf.

399 4339 421 4392 a)
437 4340 618 4394 adalberonis),
635 4343 725 4383 machin
741 4345 797 4384 abac.
856 4341 880 4396 b)
897 4346 954 4384 etl.
1020 4343 1040 4396 c)
1058 4346 1216 4396 episcopatum
1233 4347 1252 4388 1.
1324 4340 1346 4394 d)
1362 4335 1433 4380 exdtl.

342 4396 364 4450 s)
381 4399 447 4440 dlettr
465 4403 482 4439 1.
542 4399 560 4452 t‘)
576 4401 735 4442 abscesserunt
750 4413 856 4454 superam.
872 4403 900 4442 ab
916 4414 941 4444 ss
957 4404 1054 4454 digressi
1069 4409 1128 4448 runt.

418 4482 445 4549 1)
464 4484 541 4535 Haec
561 4501 621 4536 cum
642 4502 665 4538 c.
686 4487 728 4537 16.
749 4493 775 4539 et
794 4488 838 4540 20.
858 4504 977 4556 pugnare
997 4489 1129 4542 videntur.
