2938 5016
282 459 435 512 RIOHERI
453 461 707 514 HISTORIARUM
725 464 827 517 LIBRI
845 466 914 519 ΗΠ.
1108 471 1165 523 VII

59 648 159 710 repam
179 649 282 713 usque
304 628 350 691 ad
372 651 403 690 a.
426 628 514 692 920.1
544 652 584 693 eoo
604 629 769 713 fontibus,
800 635 830 698 si
855 635 1037 701 Fhodoardi
1065 637 1163 702 histo-

59 711 134 772 riam
147 711 331 775 Ranensem
345 714 503 797 aucupius,
527 715 613 778 unde
630 737 746 798 pauca
768 725 895 782 tantum
916 728 1083 784 mutuatus
1105 731 1160 803 est,

60 793 139 857 nobis
166 795 341 860 inaccessis
364 798 545 880 proponit;
582 797 754 864 historiam
775 801 895 864 Karoli
916 803 974 883 IV,
1005 805 1160 888 Rotberti,

59 876 188 960 Rodntfi,
220 879 382 942 Lndouici
403 889 431 944 et
452 882 553 944 initia
574 880 727 946 Lotharii
747 885 825 948 inde
848 885 887 948 ab
912 909 942 949 a.
964 887 1036 951 920.
1059 912 1160 976 usque

60 961 98 1023 od
118 985 147 1024 a.
168 961 237 1028 965.
262 985 302 1025 erc
322 960 504 1028 Fhodoardi
526 964 727 1030 annalibus²
749 977 778 1030 ct
798 968 955 1046 [historia
977 971 1129 1038 Idomenei
1138 983 1160 1055 ³,

51 1045 205 1126 fortasse⁴
226 1048 340 1124 etiam]
359 1045 513 1130 fontibus
542 1049 634 1113 nobis
663 1053 786 1135 ipnotis
815 1056 1039 1135 concinnavit,
1069 1057 1159 1120 deni-

60 1149 111 1210 que
130 1151 233 1215 repna
254 1130 438 1212 Lotharii⁵,
461 1131 622 1196 Ludouici
650 1133 683 1214 V,
707 1135 763 1198 Hu
788 1138 860 1200 onis
882 1147 911 1199 et
931 1138 1095 1202 Rotberti⁶
1120 1141 1159 1204 ab

61 1235 86 1273 a.
106 1211 173 1276 969.
195 1237 298 1299 usque
322 1215 367 1278 ad
389 1238 420 1277 α.
443 1215 515 1278 995.
539 1216 693 1282 historico
717 1159 807 1283 nnbbo
831 1221 977 1306 adjutus,
1001 1223 1160 1288 adhibitis

59 1304 152 1360 tamen
173 1299 297 1362 chart-is
319 1298 488 1364 nonnullis
512 1301 641 1364 archivi
654 1301 772 1366 Sancti
785 1304 880 1368 Remi
903 1307 950 1370 ii'
968 1315 1063 1390 atque
1079 1305 1158 1369 Ger-

59 1377 149 1456 berti⁸
181 1382 321 1445 historia
354 1383 487 1448 concilii
521 1384 690 1448 Remensis
723 1395 751 1450 et
790 1410 805 1449 s
829 1329 910 1452 nodi
938 1390 1158 1472 Mosomensis,

59 1467 250 1550 conscripsit.
297 1465 392 1538 Quod
413 1489 476 1550 quo
499 1467 635 1532 consilio
658 1493 762 1554 quave
815 1473 854 1535 de
871 1472 1002 1556 fecerit,
1031 1473 1159 1538 collatis

58 1570 119 1611 cum
140 1550 279 1613 historia
292 1549 445 1638 fontibus
460 1553 530 1636 ejas
544 1555 604 1698 pai
619 1553 774 1638 hodieque
789 1565 911 1635 entant,
927 1559 1158 1641 perspicietur.

58 1631 155 1715 ipitur
175 1655 248 1696 cum
270 1656 336 1697 non
356 1635 542 1699 annotasse
581 1637 753 1702 historiam
770 1637 939 1703 Gallorum
954 1641 1158 1705 scribendam

56 1716 110 1779 sibi
118 1719 354 1801 proposuisset,
371 1716 553 1782 hhodoardi
566 1719 648 1783 libro
661 1721 817 1803 adhibito,
833 1730 910 1787 ‘non
925 1725 1022 1788 verba
1037 1725 1158 1806 eodem,

56 1800 104 1861 sed
124 1801 193 1865 otia
210 1823 277 1885 pro
300 1801 377 1865 abiis
399 1801 493 1887 ionpe
515 1803 641 1867 diuerso
672 1808 832 1869 orationis
861 1809 1018 1880 schemate
1046 1809 1157 1894 dispo-

54 1885 150 1967 suits,
180 1887 323 2033 satispue
344 1886 456 1950 lectori
468 1885 550 1967 fleri
572 1889 751 1951 arbitratus
774 1900 828 1972 est,
858 1895 888 1955 si
898 1891 1158 2039 probabiliter¹⁰

56 1977 140 2050 atque
154 1969 259 2033 diduci
282 1970 511 2054 ebreuiterqae
527 1973 636 2034 omnia
653 1972 688 2034 dr
712 1975 857 2037 essisset'.
921 1984 985 2038 erte
1000 1978 1158 2040 nerninem

54 2049 151 2115 latebit
176 2077 233 2118 nec
261 2055 458 2139 reprehendi
478 2063 594 2139 potest,
625 1996 802 2120 Rioheram
824 2059 975 2142 piurima
998 2082 1018 2122 a
1040 2057 1156 2124 Etodo-

55 2137 128 2199 ardo
144 2136 281 2220 prolata
297 2140 450 2218 omisisse,
472 2138 600 2223 reliqua
616 2162 713 2223 saepe
728 2143 776 2204 ita
791 2143 1003 2226 disposuisse,
1027 2152 1062 2206 ut
1077 2143 1156 2206 ordo

53 2240 152 2284 reram
183 2231 350 2306 pestarum
382 2221 481 2285 merito
509 2221 623 2285 melius
655 2222 935 2309 intetttqererurn,
970 2226 1156 2309 additisque

53 2305 115 2366 suis
137 2307 247 2368 omnia
262 2309 309 2369 ita
326 2307 506 2391 dipessisse,
530 2315 565 2370 ut
582 2306 685 2389 plane
707 2330 792 2370 nova
814 2307 1056 2392 probabilisque
1078 2332 1157 2372 nar-

6 2417 8 2424 *
54 2391 131 2452 ratio
152 2389 319 2471 euaderet;
341 2411 399 2452 neo
421 2398 548 2452 tontum
570 2390 818 2476 indulpendum,
842 2393 899 2455 sed
919 2391 1157 2477 pratulandum

53 2480 100 2549 est,
130 2474 217 2556 quod
239 2495 307 2556 pro
329 2475 427 2537 uaria
456 2495 522 2556 qua
549 2474 698 2539 esocdtait
729 2475 898 2539 doctrinae
931 2477 1029 2559 copia
1061 2499 1112 2540 res
1135 2500 1156 2540 a

53 2553 229 2620 thodoardo
251 2558 416 2621 interdum
437 2579 503 2620 non
526 2559 595 2621 nisi
615 2559 710 2622 verbo
732 2568 871 2623 attactas
894 2559 1037 2645 amplius
1059 2582 1156 2644 eupo-

53 2641 119 2720 suit,
148 2643 198 2704 ita
226 2649 261 2703 ut
283 2640 331 2704 vel
352 2665 390 2706 ea
414 2664 501 2725 pars
534 2643 650 2725 operis,
684 2664 767 2726 quae
800 2667 839 2707 eoo
872 2667 938 2708 uno
969 2640 1155 2708 Btotomcto

44 2722 147 2805 fluuit,
177 2727 437 2789 commentarii¹²
454 2728 611 2811 perpetui
633 2749 653 2789 o
675 2728 746 2790 uiro
769 2729 900 2812 insipni
928 2730 1043 2809 soriti
1071 2730 1156 2792 vices

53 2807 278 2890 quodammodo
294 2808 440 2893 onpheat;
462 2811 592 2894 ipnosci
601 2820 715 2892 potest,
735 2813 821 2896 quod
835 2750 1058 2876 hhodoardhrm
1073 2833 1155 2876 non·

52 2913 212 2977 utinquam
234 2893 327 2956 haud
349 2894 423 2956 bene
445 2891 659 2976 intelbenit¹³;
693 2904 727 2957 at
749 2898 821 2959 aori
841 2918 979 2960 censura
1002 2896 1155 2959 animad-

117 3023 144 3091 1)
154 3027 176 3089 Ι,
186 3027 287 3076 4-19,
356 3023 384 3092 2)
397 3027 420 3088 Ι,
433 3027 474 3077 19.
488 3043 572 3092 nsque
586 3027 639 3088 ΙΙΙ,
650 3028 693 3080 21.
725 3029 764 3080 Of.
784 3027 887 3095 prolog.
909 3026 964 3094 [ubi
980 3029 1048 3080 hese
1062 3033 1157 3096 postes

49 3096 134 3148 addite
167 3105 237 3150 sunt.
288 3099 388 3149 Codice
420 3115 482 3150 usus
516 3107 556 3150 est
587 3101 674 3166 qualis
699 3103 727 3151 in
756 3102 873 3152 editione
900 3103 949 3154 SS.
966 3103 1020 3153 111.
1040 3102 1154 3167 signo&

48 3171 187 3236 indicetur;
201 3174 234 3225 oi.
245 3173 284 3234 ΙΙ,
295 3172 338 3223 66.
348 3199 377 3208 -
386 3172 531 3222 Flodonrdi
546 3173 689 3226 chronicon
702 3175 816 3240 plenius,
830 3177 910 3226 etium
923 3191 967 3226 res
981 3182 1043 3225 aute
1056 3190 1081 3224 e.
1093 3174 1155 3224 919.

49 3251 131 3307 gestes
150 3246 344 3312 complectens,
368 3247 420 3310 ipsi
440 3246 473 3294 ed
493 3262 586 3297 munus
612 3247 702 3309 fnisse,
729 3248 836 3298 Gundet
861 3249 889 3298 in
914 3248 1031 3298 editione
1059 3263 1108 3297 sua
1134 3247 1156 3309 Ι,

49 3333 72 3380 p.
84 3318 183 3369 XXIII.
197 3321 343 3385 proposuit.
374 3319 450 3368 Idem
465 3321 545 3378 etiem
566 3321 686 3382 Wittich,
705 3321 897 3384 Forschungen
917 3320 969 3380 ΙΙΙ,
982 3338 1009 3384 p.
1022 3320 1082 3380 126,
1102 3329 1155 3369 ste-

48 3395 116 3440 tnere
133 3391 258 3459 videtur].
333 3389 363 3458 3)
383 3393 421 3454 ΙΙ,
443 3390 485 3442 78.
573 3390 602 3458 4)
623 3390 665 3458 [In
685 3393 792 3441 dubium
812 3394 864 3442 hoc
889 3393 997 3442 vocavit
1015 3393 1155 3458 Reimenn,

48 3462 87 3512 De
115 3467 169 3516 vite
201 3471 230 3516 et
260 3466 366 3532 scriptis
394 3466 502 3515 Richeri
533 3483 559 3532 p.
590 3467 622 3513 17
652 3481 710 3531 sqq.
768 3464 809 3515 cf.
838 3479 901 3514 vero
931 3465 1043 3514 Winich
1069 3463 1087 3512 l.
1117 3463 1156 3530 l.].

49 3535 75 3600 6)
94 3537 143 3599 ΙΙΙ,
163 3538 310 3588 22-109.
404 3538 432 3603 6)
453 3539 534 3588 Liber
553 3539 600 3588 IV.
687 3539 716 3604 7)
734 3537 787 3597 ΙΙΙ,
808 3537 851 3589 29.
872 3537 915 3586 30.
990 3537 1019 3603 8)
1041 3537 1089 3599 1v,
1111 3538 1154 3587 73.

6 3651 7 3656 ,
49 3609 73 3671 9)
92 3611 231 3676 Prologus3
265 3639 300 3649 -
333 3628 356 3664 e.
376 3627 403 3677 g.
430 3612 458 3673 Ι,
479 3612 523 3662 49.
579 3611 726 3661 Flodoerdi
758 3611 846 3662 locum
885 3609 1041 3662 Wornarius
1072 3627 1155 3662 comes

48 3679 89 3743 ibi,
115 3700 177 3748 equo
203 3683 247 3736 cui
272 3683 378 3735 sedebat
403 3683 493 3744 occiso,
526 3692 618 3749 captus
647 3692 671 3734 et
699 3684 867 3750 interemptas
891 3692 935 3747 est,
962 3685 1092 3735 Richerus
1115 3686 1154 3734 ite

49 3757 176 3820 exprimit:
203 3757 355 3808 Warnerius
373 3773 456 3808 comes
475 3755 520 3820 ibi,
541 3774 605 3822 equo
624 3757 706 3808 occiso
726 3773 777 3821 qao
797 3766 883 3808 rectus
895 3757 1047 3822 serebatur,
1067 3757 1154 3807 decem

48 3829 192 3880 uulneribus
207 3831 346 3896 perfossus
368 3827 504 3882 interierit.
543 3833 564 3892 Ι,
585 3831 633 3880 51:
654 3845 701 3880 ren
720 3831 789 3881 inter
807 3831 927 3881 humeros
946 3829 1090 3892 sauciatus,
1110 3830 1156 3880 ubi

48 3900 207 3953 Fladoerdns
219 3919 268 3953 ren
281 3902 318 3952 ibi
328 3905 484 3954 errlneratus
497 3905 597 3954 scribit.
642 3903 687 3968 10)
701 3903 760 3952 Vox
773 3905 899 3968 nnrbigue
914 3903 947 3953 sb
964 3905 1023 3970 ipso
1036 3903 1157 3952 adhibita

49 3969 89 4036 [de
103 3976 175 4026 euius
188 3992 270 4026 sensu
283 3976 317 4026 cf.
334 3977 386 4038 ΙΙΙ,
400 3977 444 4026 60.
458 3975 512 4042 69].
573 3973 618 4042 11)
639 3992 660 4025 e.
677 3991 703 4040 g.
717 3976 755 4036 ΙΙ,
769 3976 813 4024 27.
828 3976 871 4025 43.
931 3977 977 4041 12)
995 3993 1018 4027 e.
1034 3992 1060 4040 g.
1076 3977 1098 4035 Ι,
1113 3975 1156 4026 64.

49 4049 280 4099 commendationis
299 4065 362 4100 usus
382 4049 534 4115 expositum
555 4048 577 4108 1,
598 4049 641 4098 60.
662 4049 705 4099 61.
727 4051 902 4112 consecratio,
922 4048 945 4104 Ι,
967 4049 1010 4100 62.
1030 4048 1156 4098 Luuduni

49 4122 140 4184 ceptio,
159 4122 197 4182 ΙΙ,
217 4123 262 4172 46.
292 4123 432 4172 Remorum
458 4121 571 4172 obsidio.
649 4118 695 4186 13)
715 4138 738 4171 e.
759 4138 786 4187 g.
806 4122 829 4184 Ι,
849 4122 893 4182 60,
922 4121 967 4170 ubi
991 4136 1112 4170 reversos
1141 4135 1155 4169 s

48 4208 133 4256 pugne
150 4195 329 4245 Nortmennos
354 4193 467 4245 insulem
491 4197 625 4260 ingressos
651 4209 709 4244 esee
735 4195 835 4256 scribit,
861 4209 919 4242 curn
940 4192 1108 4244 Flodourdus
1127 4193 1156 4242 id

49 4267 248 4318 eNortmnnnie
267 4267 485 4326 Rotomensibus,
507 4267 607 4318 iactum
632 4274 734 4328 narrem
764 4266 866 4316 ibidem
895 4280 985 4329 regem
1012 4265 1157 4316 Rodulium

48 4337 155 4389 insulem
176 4355 343 4406 expugnasse
363 4341 437 4400 dicit,
463 4340 549 4404 qnod,
575 4357 640 4405 rege
667 4341 694 4390 in
720 4355 791 4405 pago
812 4337 1001 4389 Bellovecensi
1028 4345 1156 4400 morante,

49 4409 185 4463 floriberto
205 4415 297 4464 comiti
316 4413 441 4474 debetur3
475 4415 512 4474 ΙΙ,
531 4413 575 4465 82.
600 4413 717 4478 synodos
743 4413 769 4464 S.
790 4413 926 4462 Vincentii
950 4410 1158 4462 Leudunensem

48 4490 73 4533 et
89 4486 272 4538 'trevirensem
292 4486 438 4540 confundit.
