2938 5016
284 403 440 457 RIOHERI
459 405 712 458 HISTORIARUM
730 405 841 459 LIBER
861 407 883 458 1.
1129 408 1146 457 3

396 575 426 638 3.
469 573 577 638 Mores
600 571 775 638 Gallorum.

118 673 267 739 Omnium
290 697 367 760 ergo
391 673 568 740 Galliarum
596 673 707 774 populi
728 676 857 774 innata¹¹
879 675 1028 774 audatia·
1049 672 1147 762 pluri-

43 780 121 821 mum
151 758 336 842 efferrmtur,
373 757 604 824 calumniarum
639 769 850 844 rmpatrentes.
894 759 931 824 Si
966 761 1145 838 rnoitantur,

42 841 161 906 cedibus
176 843 329 925 exultant,
353 843 540 930 efferatique
561 841 782 908 inclementius
798 842 994 908 adorirmtur.
1039 841 1146 908 Semel

40 947 216 1074 persuasum
231 927 459 992 curationibus
473 926 688 1036 approbatum
709 928 766 992 vix
787 925 928 992 refellere
943 935 1146 992 consuerunt.

68 1009 126 1074 nde
151 1020 183 1076 et
207 1010 449 1076 Hieronimus1:
483 1011 587 1093 ‘sola
614 1011 748 1097 inquio,
778 1009 895 1075 ‘Gallia
920 1021 1062 1076 monstra
1082 1033 1147 1074 non

39 1093 148 1177 habuit,
163 1094 220 1159 sed
233 1095 312 1160 viris
325 1095 535 1182 prudentibus
550 1104 582 1160 et
596 1093 861 1181 eloquentissimis
876 1117 1002 1194 semper
1016 1094 1147 1159 claruit'.

39 1179 159 1243 Praeter
179 1177 259 1244 haec
282 1183 423 1266 *quoque
445 1179 566 1266 Belgae
587 1179 683 1244 rebus
705 1178 914 1266 disponendis
942 1179 1212 1263 msigniores,·r01.
1226 1195 1247 1237 r.

39 1262 143 1328 robore
164 1273 260 1348 atque
282 1262 412 1327 audatia
432 1285 497 1328 non
518 1264 667 1349 impares.
709 1263 853 1326 Maxima
875 1284 1020 1350 quaeque
1041 1263 1144 1409 magis

39 1347 155 1432 ingenio
171 1369 268 1434 quam
282 1347 402 1412 viribus
417 1369 437 1410 a
460 1357 603 1434 perunte
646 1347 690 1411 Et
712 1348 738 1411 si
760 1348 793 1410 in
816 1349 888 1412 enio
909 1348 943 1410 in
957 1356 1096 1433 appeten
1119 1347 1147 1410 is

39 1440 201 1513 cassantur,
234 1429 357 1496 viribus
387 1369 541 1496 audacter
567 1441 709 1496 utuntur.
754 1369 826 1496 ciii
859 1433 955 1496 ctiam
987 1440 1146 1517 potusque

38 1515 109 1579 adeo
129 1515 230 1601 parci.
275 1513 384 1580 Celtae
413 1536 489 1580 vero
515 1537 554 1579 ae
576 1515 732 1602 Aquitani
758 1514 890 1580 consilio
919 1513 1013 1578 simul
1040 1524 1071 1578 et
1092 1536 1146 1578 au-

38 1598 115 1664 datia
144 1598 284 1686 plurimi.
328 1598 437 1664 Rebus
470 1598 629 1664 seditiosis
662 1598 854 1668 commodil.
898 1597 1007 1664 Geltae
1038 1608 1147 1663 tamen

37 1685 131 1768 magis
152 1683 291 1770 providi.
327 1682 482 1769 Aquitani
501 1704 578 1748 vero
605 1683 778 1769 precipites
800 1693 938 1769 agimtur
958 1681 1144 1768 plurimum-

37 1771 144 1852 quein
165 1766 310 1832 ciborum
331 1767 501 1854 rapiuntur
521 1768 710 1854 appetitum.
754 1767 849 1848 Quod
865 1768 911 1831 sio
927 1776 974 1832 est
989 1768 1035 1832 eis
1056 1768 1145 1830 inna-

36 1861 106 1934 tum,
127 1860 162 1916 ut
204 1873 240 1916 re
255 1875 290 1916 er
315 1861 464 1916 naturam
492 1873 557 1916 non
582 1859 745 1938 appetant.
789 1849 875 1915 Hinc
895 1863 927 1917 et
943 1850 1142 1936 Sulpicius²:

37 1935 204 2017 ‘Edacitas,
235 1937 369 2022 inquitl,
404 1937 448 2000 ‘in
476 1934 591 2002 Grecis
625 1933 701 2021 gula
727 1943 784 2016 est,
817 1935 850 1999 in
876 1933 977 2000 Gallis
1009 1937 1144 1999 natura’.

36 2019 119 2083 Hos*
141 2042 251 2084 omnes
273 2019 418 2107 populos,
447 2021 527 2085 etsi⁰
549 2031 663 2085 natura
684 2019 817 2100 feroces,
840 2017 1050 2118 rabantiquo
1079 2019 1145 2083 fere

36 2116 105 2187 pert
125 2105 232 2168 omnia
246 2126 398 2190 prospere
414 2107 529 2190 egisse,
552 2114 582 2169 et
597 2104 692 2168 curnh
707 2103 827 2229 pagani
842 2112 956 2186 essent,
977 2101 1144 2166 historiaei

35 2187 162 2252 tradunt.
206 2189 286 2252 Post
306 2210 382 2252 vero
404 2209 425 2250 a
448 2187 569 2276 [sancto
598 2188 690 2254 Remi
715 2188 747 2251 io
772 2187 963 2276 lbaptizati,
985 2186 1144 2271 adprime¹

36 2269 142 2336 claram
164 2293 294 2358 semper
314 2272 450 2336 victoria
472 2273 661 2336 emicuisse¹¹
683 2210 835 2336 tiranno.
879 2271 1044 2350 Quorum⁰
1068 2290 1143 2355 quo-

36 2377 90 2440 que
102 2357 225 2442 primus
239 2377 299 2419 rex
313 2356 503 2421 christianus
520 2354 700 2420 Clodoveus
714 2353 813 2418 fuisse
827 2353 1006 2418 traditur**.
1032 2351 1064 2415 A
1080 2374 1143 2500 quo

34 2461 84 2523 per
104 2439 307 2506 succedentia
328 2450 474 2526 tempora
494 2439 760 2526 imperatoribusl³
783 2437 922 2523 egregiis
942 2459 993 2502 res
1014 2437 1082 2523 pub
1107 2457 1145 2500 ca

35 2524 202 2620 gubernata
223 2524 322 2588 firisse
345 2524 529 2607 dinoscitur,
552 2545 654 2610 usque
676 2523 718 2587 ad
731 2519 897 2605 Karolum,
918 2544 938 2586 a
961 2543 1025 2607 quo
1046 2521 1143 2585 histo-

35 2628 92 2673 nae
112 2630 275 2674 sumemus
296 2608 431 2673 initium.

33 2727 58 2790 4.
98 2729 194 2810 Quod
222 2729 263 2794 ob
292 2728 458 2794 infantiam
489 2737 521 2792 et
542 2728 722 2814 principum
744 2726 986 2793 dissidentiami
1008 2735 1141 2813 pyratae

397 2811 540 2877 (taliaes
562 2813 735 2898 irruperint
743 2825 767 2880 i.

106 2914 170 2993 Hic
191 2926 316 3002 patrem
337 2914 450 2982 habuit
468 2912 723 2978 Karlomannum
731 2916 775 2949 ***
790 2936 900 3000 regem
909 2923 932 2996 ³,
954 2933 1050 2978 avum
1064 2932 1142 2975 vero

52 3008 191 3063 aternum
212 2998 414 3064 Ludovioum
443 3007 655 3083 cognomento
676 2997 824 3081 Balbum,
856 2999 1014 3064 salsarumr
1035 3005 1142 3060 autem

32 3018 177 3147 llsrolum
200 3081 345 3165 Calvum,
369 3082 602 3148 Germanorum
617 3093 712 3169 atque
729 3081 895 3147 Gallorum
917 3083 1142 3210 imperatorem

33 3167 197 3251 egregium.
246 3167 377 3230 Biennis
407 3167 512 3231 adhuc
564 3177 665 3232 atrem
694 3167 816 3248 amisit3
849 3176 950 3231 matre
999 3165 1056 3229 vix
1084 3186 1148 3248 per·

33 3251 268 3333 quadriennium
282 3252 462 3337 superstite.
507 3189 562 3317 Ol
576 3251 666 3316 ouius
680 3250 868 3314 infantiam⁴
883 3271 956 3313 cum
971 3269 1140 3333 regnorum

96 3375 119 3442 ⁸)
138 3377 198 3429 Hos
219 3403 251 3414 -
273 3375 432 3429 christianus
450 3377 480 3428 ia
499 3394 583 3446 morp.
603 3380 628 3430 2.

86 3448 120 3517 ⁸¹)
139 3452 181 3502 vir
200 3450 289 3501 audax
308 3456 335 3502 et
353 3456 475 3503 strenuus
496 3458 522 3503 et
541 3469 593 3518 quo
612 3451 701 3504 nullus
726 3455 787 3516 post
812 3463 872 3500 eum
891 3449 991 3515 pietate
1011 3445 1143 3513 bellisque

140 3539 268 3590 umquam
287 3525 374 3590 magis
393 3525 489 3575 enituit
507 3525 572 3576 add.
591 3525 659 3576 mle.

74 3593 119 3662 m)
138 3597 217 3648 Karl.
236 3625 271 3635 -
290 3597 396 3650 Ludov.
416 3597 445 3647 irs
464 3597 519 3649 loco
538 3615 601 3650 raso
621 3599 646 3649 2.

96 3667 121 3736 i)
140 3689 177 3722 m.
196 3669 277 3738 paulo
297 3676 359 3722 ants
379 3674 479 3722 amissa
501 3672 524 3720 1.

82 3785 104 3839 a)
120 3800 130 3827 ι
145 3799 204 3830 corr.
264 3786 287 3839 b)
303 3793 352 3838 poet
367 3789 417 3831 add.
477 3787 498 3840 c)
515 3793 626 3840 appetent
640 3799 698 3829 corr.
715 3791 834 3838 appetunt.
892 3786 915 3840 d)
933 3785 1075 3826 accommodi
1090 3785 1142 3826 aaa.

33 3841 50 3892 ei
68 3857 77 3886 s
92 3847 134 3888 etsi
149 3847 207 3887 abac.
284 3845 422 3899 i)...rio
437 3848 534 3890 mum.
604 3846 627 3899 g)
643 3859 665 3898 p.
682 3858 703 3888 o.
720 3847 790 3897 aesca
809 3848 878 3886 mmm
901 3843 1141 3888 maturandisque

32 3907 115 3945 restituit
130 3907 155 3948 P.
208 3903 233 3955 ir)
250 3917 289 3945 um
305 3917 336 3956 ps
351 3907 408 3948 abac.
460 3905 478 3958 i)
495 3917 522 3948 ss
538 3911 575 3947 ira
589 3907 646 3948 abac.
692 3903 717 3957 i)
734 3907 840 3955 quasdam
854 3906 924 3957 obem
940 3907 1020 3944 sancto
1035 3902 1142 3951 Remigio

32 3959 101 4016 (bk)
116 3964 315 4015 supptalr'kkAE.
374 3965 391 4016 l)
408 3966 475 4016 sopri
490 3967 562 4016 ciem
578 3969 659 4006 contra
675 3975 755 4005 omnus
772 3965 875 4014 cuntium
891 3969 1025 4007 exterarum
1039 3963 1140 4011 impetus

33 4021 85 4063 cisra
99 4036 116 4064 s.
133 4029 204 4073 sique
219 4024 398 4065 illustrium.
444 4021 665 4078 miaromperabec.
710 4022 735 4076 n)
752 4024 827 4064 emico
841 4024 898 4065 abac.
946 4020 968 4073 o)
977 4023 1065 4062 Horum
1075 4031 1109 4070 pr.
1120 4023 1141 4065 1.

32 4079 52 4128 p)
65 4083 116 4134 imp.
134 4105 160 4116 -
178 4083 306 4123 dinoscitur
324 4083 420 4133 primam
439 4089 490 4133 post
513 4094 629 4124 sumemus
649 4083 743 4123 initium
763 4093 810 4123 cum
824 4083 858 4122 iis
872 4084 896 4123 ta
912 4083 957 4124 loeo
977 4095 1028 4124 raso
1050 4084 1139 4133 scripio.

33 4136 124 4195 (titiam,
140 4143 191 4194 sili,
206 4143 255 4182 rint
269 4141 327 4182 aare.
394 4141 414 4194 r)
431 4143 459 4183 ab
475 4147 494 4182 ot
509 4147 586 4185 autem
602 4154 613 4182 c
627 4151 683 4184 corr.

96 4237 124 4304 1)
142 4240 195 4306 Ep.
215 4237 259 4289 60.
279 4237 341 4290 adv.
362 4238 492 4305 Vigilant.
568 4237 598 4304 2)
616 4237 725 4304 Dialog.
744 4238 768 4299 Ι,
779 4239 805 4289 4.
880 4233 910 4301 3)
929 4238 1014 4289 Immo
1033 4236 1138 4289 Hludo·

33 4310 115 4364 uicum
135 4311 265 4376 Balbum,
283 4315 314 4363 ut
332 4315 406 4379 prius
426 4313 578 4380 scripserat.
653 4309 682 4378 4)
702 4312 846 4363 Rioberum
869 4309 939 4362 haec
958 4312 1044 4362 minus
1064 4319 1137 4363 recte

33 4383 134 4450 beders,
154 4387 200 4438 vix
221 4386 351 4452 estquod
371 4401 543 4451 moneamus3
563 4385 744 4438 Eklrehardus
765 4400 797 4436 ea
816 4385 956 4450 exscripsit
975 4401 1001 4452 p.
1023 4382 1083 4436 180.

867 4469 907 4532 1*
