2936 5010
321 411 371 464 138
556 413 709 466 RIcHnlu
727 413 979 466 HISTORIARUM
998 414 1109 466 LIBER
1127 415 1194 466 1111.

201 602 240 658 ·,‚,
255 603 410 668 sas.rcges
433 582 575 647 exercitu
597 579 728 646 collecto
750 581 862 646 urbem
885 581 1060 667 predictam
1083 604 1157 646 cum
1172 581 1256 648 8000
1271 582 1419 667 'aggressi

258 665 400 731 ⁹⁸⁸·sunt.
445 663 557 731 Castra
577 665 722 752 inprimis
743 687 860 752 aggere
882 675 913 731 et
933 665 1019 730 fossa
1040 667 1194 732 muniunt.

659 822 709 888 22.
753 819 950 907 Compositio
972 823 1090 888 arietis.

401 927 480 992 Inde
502 925 675 992 exstruitur
695 922 786 1024 aries,
809 924 907 988 muris
921 923 1104 1010 frangendis
1119 923 1299 990 obnisurus.
1331 925 1419 991 Ouius

318 1009 498 1074 machinam
521 1033 562 1076 cx
585 1017 720 1096 quatuor
740 1029 839 1072 mnae
861 1007 1083 1094 grossitudinis
1105 1019 1137 1074 et
1150 1008 1354 1095 longitudinis
1368 1019 1420 1073 tra-

317 1093 411 1159 bibus
432 1093 619 1180 longilatero
642 1101 779 1158 scemate
795 1103 973 1176 crexerunt,
995 1093 1029 1156 in
1051 1095 1215 1159 cacumine
1237 1105 1269 1159 et
1283 1094 1351 1160 basi
1371 1116 1421 1180 per

318 1189 453 1265 quatuor
474 1177 573 1243 latera
598 1199 676 1263 repa
700 1174 760 1240 ulis
787 1185 966 1242 transverse
993 1179 1145 1260 annexis3
1172 1179 1205 1242 in
1227 1178 1332 1243 medio
1353 1199 1419 1242 vero
1447 1204 1448 1212 ¹

317 1261 537 1328 solummodoa
558 1260 664 1326 levum
677 1199 766 1325 latus
787 1269 819 1324 et
840 1259 987 1324 dextrum
1014 1259 1101 1348 ligna
1127 1263 1312 1327 transmissa
1331 1261 1420 1325 babu-

318 1369 378 1413 ere.
430 1346 474 1411 At
502 1368 598 1432 super
626 1343 764 1409 trabium
792 1353 965 1408 erectarum
995 1347 1173 1431 superiores
1206 1347 1420 1411 commissuras

317 1431 479 1516 longurios
501 1429 580 1495 duos
602 1437 781 1494 straverunt
801 1429 1000 1515 inmotosque
1026 1429 1207 1512 effecerunt,
1228 1440 1348 1516 partem
1369 1442 1420 1494 ter-

318 1516 394 1579 tiam
417 1515 588 1601 superioris
604 1513 698 1600 spatii
712 1511 849 1578 trabium
864 1513 897 1575 in
911 1512 1016 1578 medio
1032 1511 1218 1580 obtinentes.
1250 1514 1299 1578 Ab
1315 1513 1420 1600 quibus

318 1597 470 1683 longuriis
505 1598 596 1663 funes
632 1595 803 1684 implicitos
839 1597 878 1660 de
905 1607 1062 1662 osuerunt.
1119 1597 1266 1664 Funibus
1325 1619 1419 1683 noque
1448 1636 1449 1664 1

318 1683 439 1748 trabem
462 1703 534 1746 oum
556 1681 672 1748 ferrato
695 1681 797 1828 capite
820 1619 937 1744 muffae
952 1681 1174 1766 grossitudinis
1189 1621 1419 1768 suspenderunt.
1448 1715 1449 1718 ¹

319 1765 380 1831 Oui
403 1768 498 1831 etiam
519 1765 603 1832 trabi
624 1766 657 1828 in
679 1787 730 1829 me
754 1765 784 1828 io
807 1773 838 1830 et
859 1773 1001 1830 extremo
1023 1765 1115 1830 funes
1136 1764 1189 1829 alli
1213 1776 1282 1830 atos
1300 1765 1419 1831 adhibu-

318 1857 442 1932 eruntg
474 1852 529 1936 qui
557 1871 577 1912 a
605 1849 825 1914 multitudine‘¹
851 1849 943 1914 tracti
973 1859 1005 1914 et
1031 1849 1164 1932 remissi,
1190 1788 1326 1915 denatae
1354 1847 1420 1913 moli

318 1940 440 1997 motum
455 1933 575 1998 darent.
609 1933 702 1997 Unde
717 1943 749 1997 et
762 1932 944 1997 huiusmodi
958 1932 1115 2016 machina,
1132 1934 1207 2019 quia
1221 1955 1309 1998 more
1324 1933 1419 1998 arietis

318 2025 402 2082 retro
430 2027 529 2082 tracta
563 2026 635 2082 ante
657 2039 730 2081 cum
757 2018 880 2103 impetu
905 2019 977 2100 ruit,
998 2017 1081 2081 aries
1110 2017 1304 2104 appellatum
1331 2019 1420 2081 cuius·

319 2123 457 2188 cumque
479 2100 646 2168 soliditatis
667 2103 766 2165 muris
786 2100 969 2200 frangendis
984 2101 1178 2187 aptissimus.
1217 2102 1321 2183 Quam
1336 2103 1420 2167 etiam
1449 2068 1450 2150 l

318 2186 498 2252 machinam
521 2209 617 2273 super
638 2195 702 2251 tres
723 2193 808 2250 rotas
837 2182 995 2271 triangulo
1018 2195 1154 2250 scemate
1181 2187 1319 2272 positam
1345 2193 1420 2270 apta-

318 2281 441 2354 verunt,
473 2283 555 2358 qu0⁰
583 2269 707 2334 facilius
737 2267 906 2356 obliquata,
937 2291 1138 2356 quocumque
1166 2279 1325 2356 oporteret
1351 2269 1420 2334 verti

318 2353 446 2421 valeret.
483 2355 527 2420 At
549 2359 624 2442 quia
645 2354 732 2420 urbis
755 2354 833 2418 situs
848 2353 1001 2418 accedere
1016 2352 1186 2439 prohibuit,
1209 2377 1246 2420 eo
1260 2353 1347 2502 quod
1361 2355 1420 2438 ipsa

318 2439 395 2504 urbs
416 2442 449 2504 in
472 2441 621 2505 eminenti
643 2440 759 2504 montis
787 2439 951 2502 cacumine
978 2437 1128 2520 eminetf,
1157 2439 1239 2504 aries
1274 2439 1419 2505 abricatus

318 2523 422 2587 cessit.
459 2588 461 2592 ,

414 2680 464 2744 23.
508 2679 673 2762 Digressio
695 2679 842 2765 Hugonis
865 2701 935 2744 cum
959 2680 1103 2744 exercitu
1124 2701 1144 2742 a
1164 2677 1330 2744 Louduno.

249 2839 309 2890 Au„
403 2799 480 2862 Post
508 2798 586 2862 haee
619 2819 690 2862 oum
719 2821 777 2884 per
805 2799 872 2864 dies
904 2797 1058 2886 plurimos
1087 2802 1120 2864 in
1150 2799 1313 2866 obsidione
1343 2797 1418 2862 urbis

320 2880 436 2968 vigiliis
458 2889 489 2946 et
511 2883 594 2946 curis
609 2885 789 2969 pugnisque
804 2883 1022 2970 frequentibus
1036 2883 1275 2966 laboravissent,
1292 2883 1342 2948 die
1356 2902 1418 2967 qua

320 2965 393 3030 dam
413 2964 596 3031 custodibus
612 2976 787 3031 castrorum
802 2969 877 3031 vino
893 2989 1067 3054 somnoque
1082 2969 1266 3054 aggravatis
1273 2979 1297 3050 ⁸,
1319 2963 1418 3031 urbani

320 3051 394 3114 vino
428 3048 595 3115 exhilarati
628 3073 701 3115 cum
732 3053 828 3116 armis
861 3051 902 3116 ad
935 3061 1038 3116 castra
1069 3051 1232 3138 pedestres
1268 3057 1417 3117 venerunt.

320 3134 452 3220 Equites
474 3155 548 3199 vero
571 3144 802 3235 consequenter
815 3138 929 3200 armati
944 3134 1104 3200 subsecuti
1119 3145 1201 3216 sunt,
1223 3137 1270 3201 rei
1285 3143 1416 3201 eventum

319 3216 527 3304 prestolantes
536 3220 559 3302 ¹¹,
589 3227 632 3302 ut,
663 3242 689 3283 sr
710 3241 836 3306 pugnae
863 3219 952 3284 locus
978 3219 1103 3285 adesset
1131 3241 1345 3306 prosperaque
1367 3216 1417 3280 for·

319 3315 397 3368 tuna
417 3302 541 3368 felicem
563 3304 730 3368 annuereti
759 3311 916 3386 eventum,
947 3325 1019 3368 cum
1041 3302 1131 3368 hoste
1159 3306 1337 3368 comminus
1357 3321 1417 3365 con-

207 3387 474 3474 -ennfligerent
532 3385 614 3452 Cum
644 3410 720 3473 ergo
752 3387 874 3487 pedites
907 3389 988 3451 *iam
1022 3389 1133 3452 castris
1165 3389 1418 3474 propinquassent

321 3471 531 3570 custodesque
553 3493 648 3536 conso
674 3473 733 3536 itos
755 3470 993 3554 intellexissent,
1021 3470 1108 3536 faces
1130 3473 1241 3536 castris
1263 3473 1416 3535 immisere.

321 3555 465 3635 Quorum
487 3555 625 3619 mcendii
680 3576 732 3619 mo
754 3577 808 3619 aer
838 3555 996 3638 densatim,
1024 3576 1089 3619 non
1118 3554 1220 3620 solum
1242 3555 1418 3621 intuentium

319 3639 441 3703 visibus
462 3641 566 3703 tetrak
588 3639 774 3723 nigredinel
798 3639 952 3722 obstabat,
974 3648 1008 3704 at
1024 3641 1115 3764 gravi
1128 3661 1247 3725 vapore
1261 3641 1379 3704 narium
1392 3641 1418 3697 et

320 3721 460 3785 faucium
482 3732 605 3787 meatus
620 3721 859 3788 intercludebat.
895 3723 1023 3788 Pedites
1057 3745 1134 3787 mox
1148 3722 1328 3806 vociferari,
1348 3719 1418 3785 elan-

320 3827 396 3891 gere
418 3803 532 3869 milites
555 3827 677 3892 cepere.
719 3806 790 3870 Rex
812 3817 844 3872 et
865 3808 921 3894 qui
942 3829 1015 3870 cum
1037 3828 1074 3871 co
1096 3817 1187 3872 erant
1208 3806 1417 3872 elementorum

322 3887 506 3955 confusione
527 3890 689 3977 multoque
718 3891 857 3955 virorum
886 3891 1023 3956 clamore
1045 3901 1077 3955 et
1098 3892 1262 3958 turbarum
1285 3890 1417 3973 clangore

321 3975 447 4058 turbati,
475 3975 515 4040 ab
536 3976 615 4040 urbe
642 3972 732 4039 sedes
757 3985 931 4040 mutavere.
974 3975 1057 4039 Nam
1080 3984 1182 4039 castra
1205 3997 1278 4039 cnm
1300 3973 1373 4037 cibis
1392 3976 1417 4030 et

320 4060 415 4125 rebus
438 4057 585 4124 omnibus
607 4058 803 4144 absumptam
825 4059 963 4124 videbat.
1006 4058 1100 4123 Unde
1121 4069 1172 4123 etn
1195 4059 1364 4123 exercitum
1382 4049 1417 4114 ad

380 4251 402 4300 a)
419 4252 435 4296 l.
449 4252 464 4293 l.
481 4254 504 4292 et
519 4253 540 4295 d.
557 4263 575 4292 s.
594 4254 613 4295 1.
687 4249 711 4303 b)
728 4251 756 4290 In
778 4251 797 4290 1.
873 4248 893 4301 c)
910 4250 1078 4300 suspenderunt
1100 4251 1120 4290 1.
1197 4247 1220 4301 d)
1235 4244 1346 4302 mitidum)
1361 4240 1417 4283 eerttr'

322 4314 423 4358 coeperam.
492 4305 513 4358 e)
530 4314 555 4351 ut
572 4314 590 4352 1.
659 4307 809 4360 nominabat
827 4310 845 4349 1.
906 4307 929 4360 g)
945 4320 1009 4359 grav.
1027 4311 1047 4350 l.
1115 4306 1140 4357 h)
1156 4313 1227 4359 prout.
1243 4321 1260 4348 c.
1327 4303 1343 4356 1)
1358 4311 1416 4352 spon·

323 4368 387 4407 deret
401 4378 507 4417 caparam.
523 4373 645 4411 annueret.
704 4367 728 4419 k)
742 4374 792 4418 post
807 4368 856 4408 cdd.
926 4367 943 4420 l)
958 4369 983 4410 P.
1000 4379 1030 4411 m.
1046 4379 1067 4409 v.
1084 4368 1105 4407 cl
1129 4378 1159 4410 m.
1179 4368 1202 4407 in
1218 4379 1286 4418 marg.
1342 4364 1370 4414 m)
1385 4359 1416 4399 ab·

321 4429 412 4482 sumpta
434 4431 500 4467 erant
516 4430 536 4470 1.
612 4426 635 4479 n)
652 4438 693 4468 rex
710 4430 731 4467 1-
