2936 5010
272 383 426 436 monum
445 381 698 437 HISTORIARUM
716 382 828 436 LIBER
845 383 899 438 111.
1125 388 1160 439 91

55 549 140 616 silvas
170 559 203 616 et
231 572 362 637 pascua,
391 551 503 616 vineas
524 571 563 614 ac
589 549 768 635 pomeria¹,
795 560 951 618 torrentes
978 563 1011 620 et
1037 575 1052 617 s
1151 574 1220 621 ,ara

55 634 149 700 Oestri
182 657 311 722 quoque
346 633 491 700 illorumb
527 634 714 700 munitatem
749 633 960 724 villarumque
995 562 1159 704 liberffippn

53 719 126 784 intra
146 730 178 786 et
199 728 291 785 extra
317 727 525 804 potestatem,
554 717 683 784 tandem
705 718 800 784 etiam
821 741 872 785 res
895 740 1005 786 omnes
1026 721 1160 788 mobiles

53 813 138 889 atque
158 801 329 868 inmobiles
350 803 448 868 vestri
469 800 665 887 apostolatus
686 802 718 866 d'
743 803 825 867 nitas
847 803 962 870 solidet
974 816 1071 892 atque
1086 828 1160 871 con-

53 887 155 954 firmet.
206 885 381 952 Abbatiam
414 907 542 972 quoque
574 886 675 950 sancti
707 825 867 953 1611111111
898 889 1045 973 martiris,
1077 912 1159 976 quae

53 972 141 1036 nostri
161 971 241 1036 iuris
262 993 332 1037 esse
353 969 489 1049 videtur,
511 967 570 1035 sub
593 971 691 1034 vestri
712 972 874 1056 presentia
895 972 1072 1059 horumque
1093 976 1159 1061 epi-

53 1077 215 1142 scoporum
235 1054 415 1120 testimonio
436 1054 482 1118 eis
504 1053 654 1136 concedo,
676 1065 712 1119 ut
725 1053 800 1120 inde
814 1055 1010 1141 pauperibus
1025 1055 1158 1121 admini-

54 1148 158 1204 stretur
179 1148 212 1204 et
232 1139 387 1204 memoria
413 1137 515 1202 nostri
536 1137 637 1202 servis
659 1137 724 1202 Dei
749 1138 783 1202 in
811 1137 966 1204 coenobio
993 1140 1157 1206 habeatur.

53 1223 151 1288 Η111υ
172 1223 183 1286 1
210 1224 271 1288 'tur
286 1219 502 1310 superioribus
517 1219 627 1286 addita
640 1222 674 1285 in
687 1222 737 1286 ius
751 1221 887 1308 predicti
902 1225 1004 1289 sancti
1018 1235 1158 1290 transeat

53 1318 136 1394 ablue
156 1245 219 1372 ildl
288 1307 396 1392 ropria
424 1315 533 1370 vestra
559 1303 705 1371 similiter
725 1307 913 1374 auctoritate
934 1306 1156 1375 confirmetur’.

7 1465 8 1468 Ἴ
124 1393 175 1456 27.
218 1391 251 1456 Α
300 1390 380 1455 haec
407 1390 544 1454 domnus
571 1411 671 1489 papa:
704 1391 804 1472 ‘Res’,·
826 1392 943 1478 inquit,
972 1391 1091 1457 ‘domni
1118 1416 1156 1458 ao

53 1477 168 1622 patroni
196 1475 320 1540 nostrid
352 1473 492 1558 Remigii
520 1484 622 1538 nostrr
649 1473 845 1560 apostolatus
872 1477 1030 1541 sententia
1060 1477 1156 1544 stabi-

63 1559 92 1574 ’'
113 1568 197 1624 tutas
221 1581 263 1622 ue
283 1559 318 1624 in
338 1567 530 1644 perpetuum
551 1557 629 1638 fieri,
652 1559 729 1644 quin
751 1559 847 1622 etium
866 1559 906 1623 de
924 1570 980 1625 tuo
1003 1561 1158 1647 quicquid

53 1641 147 1727 placet
166 1582 253 1724 11111,
275 1641 483 1707 libentissime
505 1640 657 1706 concedo.
690 1641 817 1727 Scripto
840 1643 992 1708 etiamid
1014 1644 1157 1710 roborari

52 1749 106 1791 non
126 1725 231 1792 solum
252 1749 333 1808 mea,
355 1735 403 1791 set
424 1735 456 1790 11
476 1725 591 1790 horum
606 1725 661 1810 qui
676 1725 793 1790 adsunt
809 1727 1034 1826 episcoporum
1048 1739 1156 1794 aucto-

52 1813 134 1876 ritate
172 1811 352 1876 constituo'.
412 1809 556 1896 Moxque
599 1810 754 1897 scriptum
787 1811 827 1874 iri
857 1811 951 1876 iussit
989 1833 1188 1899 coramque·

53 1897 194 1982 scriptum
215 1895 280 1979 legi
301 1893 454 1980 precepit.

124 1981 206 2126 28.D
219 1979 321 2044 Cuius
342 1988 449 2043 textus
470 1975 654 2042 huiusmodi
676 1985 738 2041 est:
765 1976 932 2042 ‘Iohannes
953 2001 1064 2044 servus
1094 2003 1158 2045 ser-

52 2083 152 2126 vorum
209 2063 260 2127 11ο
290 2107 1134 2129 .................
1147 2077 1155 2111 ¹

123 2147 174 2211 29.
218 2144 315 2227 Quod
344 2145 378 2208 in
409 2143 540 2208 auribus
573 2144 714 2208 omnium
741 2145 797 2230 qui
825 2144 958 2210 aderant
982 2145 1157 2232 perlectum

52 2229 134 2315 sigilli
149 2231 198 2295 sui
213 2238 290 2294 nota
303 2229 469 2314 insignivit
482 2237 577 2313 atque
597 2250 614 2292 1
639 2228 757 2326 iscopis
772 2228 988 2294 roborandum
1003 2231 1157 2315 porrexit.

52 2313 165 2393 Quibus
188 2315 297 2399 gestis,
323 2310 587 2398 metropolitanus
615 2251 726 2375 domm
747 2333 851 2411 papae
873 2322 969 2398 atque
991 2314 1157 2401 episcopo-

51 2419 111 2460 rum
130 2397 260 2462 licentia
279 2397 452 2482 digressus,
475 2393 589 2459 Galliis
604 2416 672 2459 sese
693 2405 823 2482 receprt,
846 2395 1030 2484 directoque
1044 2398 1156 2463 itinere

52 2483 142 2546 sancti
173 2481 311 2569 predicti
339 2479 544 2627 sepulchrum
574 2477 707 2543 devotus
734 2480 826 2564 petiit
851 2481 881 2545 ei
905 2503 945 2545 ue
966 2483 1000 2545 in
1021 2480 1155 2568 collegio

52 2565 269 2630 monachorum
297 2566 381 2652 privi
393 2564 501 2648 egium
530 2564 684 2711 sumptum
705 2561 832 2648 legavit.
912 2564 1026 2630 onachi
1048 2565 1157 2630 datum

1 2735 3 2738 .
53 2650 260 2737 excipientes,
298 2649 429 2713 archivo
467 2668 580 2712 servan
603 2669 659 2710 um
690 2646 844 2713 mandant
881 2650 1064 2736 gratiasque
1097 2671 1156 2738 pro

52 2741 129 2798 tanta
147 2733 336 2800 liberalitate
357 2733 506 2798 decenter
526 2730 722 2818 impertiunt.

51 2853 93 2918 30.
134 2853 230 2935 Quod
257 2851 417 2917 Adslbero
444 2850 668 2938 privilegiumr
693 2851 727 2915 11
759 2851 891 2918 sinodor
909 2852 951 2918 ab
980 2852 1159 2940 episcopisr

470 2934 607 2998 firmarif
625 2935 725 2999 facitf.

123 3039 184 3103 His
205 3039 252 3102 ita
272 3036 399 3118 habitis,
425 3046 499 3121 post
520 3057 579 3100 sex
600 3037 779 3100 mensium²
802 3047 865 3101 tem
890 3059 927 3102 us
949 3037 991 3101 ad
1012 3038 1156 3104 Mentem

1 3167 2 3200 ,
52 3119 179 3189 Sanctae
200 3122 387 3202 Mariaeffl,
411 3121 466 3206 qui
488 3119 577 3183 locus
599 3127 647 3184 est
667 3119 841 3184 Remorum
888 3121 1087 3205 ‘ocesaneus,
1113 3121 1154 3187 ab

1 3205 2 3288 J
52 3205 153 3272 eodem
174 3203 415 3292 metropolitano
443 3201 575 3267 sinodus
600 3202 825 3288 episcoporum
847 3202 956 3268 habita
977 3214 1033 3269 est.
1078 3205 1155 3286 Qui-

1 3297 2 3336 1
51 3287 101 3353 bus
123 3288 371 3369 considentibus,
392 3296 466 3374 post
487 3284 646 3373 quaedam
668 3285 780 3350 sinodo
802 3285 892 3350 utilia
913 3295 1009 3372 atque
1026 3298 1155 3353 sanctae

51 3373 212 3440 aecclesiae
242 3371 419 3453 commoda,
446 3367 708 3456 metropolitanus
740 3389 848 3433 coram
870 3369 916 3434 sic
947 3371 1154 3436 concionatus

1 3449 2 3524 l
51 3456 101 3521 ait:
129 3458 315 3540 Quoniam,
342 3463 450 3542 patres
476 3451 653 3535 reverendi,
682 3453 786 3538 gratia
815 3454 917 3517 sancti
940 3453 1079 3539 Spiritus
1101 3454 1153 3519 1111

51 3539 163 3606 collecti
183 3563 304 3620 sumus,
326 3552 358 3606 et
380 3560 462 3625 quae
484 3538 524 3604 de
546 3546 630 3602 statu
651 3546 780 3601 sanctae
801 3536 977 3603 aecclesiae
994 3538 1065 3603 visa
1080 3547 1154 3604 sunt

1 3659 2 3692 1
50 3623 132 3689 utilia
155 3626 389 3706 ordinavimus,
417 3631 515 3688 restat
542 3619 646 3686 adhuc
673 3643 724 3686 res
751 3619 830 3685 mihi
858 3620 940 3687 adeo
967 3621 1098 3709 placens
1124 3630 1155 3688 et

1 3761 2 3800 Ξ
50 3709 199 3774 nonnullis
227 3717 354 3774 nostrae
381 3705 552 3772 aecclesiae
579 3704 652 3770 filiis
681 3727 767 3770 nunc
788 3716 820 3772 11
841 3705 876 3770 11
897 3717 1062 3793 posterum
1082 3729 1154 3793 pro-

1 3863 2 3876 *
102 3851 274 3904 1))1111111111.
334 3850 359 3903 b)
372 3857 423 3902 poet
438 3852 488 3894 aad.
549 3848 571 3902 o)
586 3851 654 3891 Hane
671 3873 697 3882 ·
713 3851 815 3892 additam
833 3853 853 3892 1.
920 3849 944 3903 d)
960 3853 997 3894 sie.
1058 3849 1157 3904 1)»111·

51 3907 174 4010 KQ?
194 3913 372 4024 egemonio
387 3912 463 3952 osam
478 3910 659 3961 emeritanus,
674 3911 720 3961 jam
735 3911 817 3953 aeuo.
903 3909 1153 3963 1111111111,

120 4072 232 4136 1111111
257 4075 302 4126 Nr.
323 4073 404 4136 2884,
430 4073 520 4125 datum
547 4072 572 4124 d.
597 4071 744 4138 11111111.
770 4087 794 4124 a.
815 4071 877 4123 972.
971 4071 1000 4135 2)
1025 4069 1103 4119 Haeo
1129 4073 1155 4119 et

1 4183 2 4228 ,
51 4157 157 4208 sequens
181 4153 328 4214 temporum
347 4152 427 4198 notas
452 4163 486 4198 an
506 4147 675 4208 1111111111,
696 4145 810 4195 dubitari
829 4149 926 4210 potest.
1019 4139 1154 4207 1111111-

1 4249 2 4252 ,
51 4214 245 4284 Nous-Domo,
270 4221 298 4270 in
322 4235 394 4288 pago
419 4219 584 4271 Tardanensi
610 4216 783 4285 (Tardeneis)
808 4217 842 4267 ab
867 4217 967 4268 oriente
994 4219 1020 4266 11
1043 4214 1154 4266 meridie

52 4286 225 4356 Suessionum,
253 4309 335 4362 prope
361 4295 450 4344 vicum
475 4292 621 4343 Bazoches.
668 4293 794 4342 Actorum
820 4294 922 4356 partem
945 4289 1045 4356 primus
1070 4287 1155 4341 edidit

1 4427 2 4438 γ
52 4360 203 4431 Harduinus,
222 4366 305 4420 Cone.
324 4367 372 4429 VI,
395 4367 418 4428 1,
437 4381 463 4433 p.
484 4365 536 4416 687
556 4362 631 4432 (inde
649 4363 738 4416 blansi
756 4361 843 4429 XIX).
