2936 5010
337 355 389 408 180
572 356 726 410 monum
745 357 997 410 HISTORIARUM
1016 357 1126 410 LIBER
1145 359 1204 411 1111

276 548 327 592 aaa
421 523 598 589 Richardus
620 535 805 624 pyratarum
828 525 896 590 dux
916 524 1088 612 apoplexia
1104 528 1226 592 minore
1241 528 1343 613 periit
1379 528 1438 592 Hil-

337 611 452 681 duinus
475 630 600 696 quoque
622 607 802 674 vinolentia.

412 691 549 758 Sinodus
594 692 712 780 uinque
737 693 961 778 episcoporum
983 693 1016 755 in
1037 693 1145 759 Monte
1169 694 1306 760 Sanctae
1328 695 1438 760 Mariae

338 775 445 841 habita
467 787 524 846 est.
568 779 579 864 [
614 777 768 841 einricus¹
793 797 920 863 quoque
942 775 1009 840 dux
1032 776 1154 864 obitui.

220 881 288 924 resi.
305 881 326 926 s.
420 859 494 925 Alia
514 862 591 926 item
616 859 747 925 sinodus
773 859 860 947 apud
882 859 1070 943 Englehaim
1099 861 1218 927 indicta
1246 873 1296 928 est
1322 873 1438 928 sanctae

336 942 481 1028 Agathes
502 944 670 1010 festivitate
691 943 846 1027 habenda,
869 954 996 1030 quaest
1014 967 1072 1010 suo
1087 955 1230 1032 tempore
1244 947 1355 1012 habita
1369 950 1436 1012 esti.

420 1029 517 1094 Berta
542 1028 693 1094 lictberto
719 1028 839 1093 nubere
865 1027 991 1111 volens,
1026 1029 1218 1095 Gerbertnm
1245 1031 1437 1095 consulitur

336 1111 377 1176 ab
400 1135 437 1177 eo
460 1112 646 1177 confutatur.

420 1195 594 1262 Gerbertus
623 1196 758 1260 Romam
787 1197 1030 1261 ratiocinaturus
1052 1198 1149 1280 vadit,
1184 1220 1222 1263 ac
1249 1199 1297 1264 ibi
1327 1200 1435 1263 ratione

335 1299 440 1367 papae
462 1280 545 1364 data,
568 1301 641 1344 cum
663 1279 766 1344 nullus
789 1291 962 1363 accusaret,
984 1281 1046 1346 alia
1067 1283 1196 1347 sinodus
1218 1283 1394 1348 indicitur.

790 1416 988 1426 ——

419 1473 517 1560 Hugo
549 1495 607 1539 rex
639 1473 765 1560 papulis
797 1483 862 1539 toto
896 1496 1029 1561 corpore
1057 1473 1235 1559 confectus,
1264 1477 1299 1540 in
1330 1475 1434 1564 oppido

335 1557 483 1643 Hugonis
504 1558 634 1623 Iudeis²
656 1559 814 1624 extinctus
837 1567 893 1624 est.

418 1641 590 1707 Rotbertus
611 1664 670 1707 rex
691 1643 774 1728 patri
797 1642 986 1725 succedens,
1010 1665 1140 1707 suorum
1163 1643 1297 1709 consilio
1320 1645 1433 1709 Bertam

224 1737 273 1780 0⁰2·
290 1724 428 1790 aduxit
454 1748 604 1810 uxorem,
638 1749 674 1791 ea
703 1749 780 1791 usus
806 1727 943 1808 ratione,
978 1725 1064 1812 quod
1096 1725 1208 1792 melius
1241 1730 1284 1794 sit
1312 1751 1433 1814 parvum

275 1815 325 1861 ⁹⁰⁷·
335 1808 468 1895 aggredi
489 1809 617 1892 malum,
639 1819 674 1873 ut
695 1811 889 1875 maximumd
911 1811 1054 1875 evitetur.

418 1893 588 1958 Rotbertus
616 1915 690 1976 rex,
722 1893 817 1958 ducta
845 1893 941 1959 Berta
969 1915 1086 1976 uxore,
1116 1895 1149 1958 in
1170 1894 1361 1978 Falconem,
1390 1896 1432 1981 qui

336 1975 459 2041 Odonis
481 1975 680 2042 adversarius
701 1976 812 2057 fuerat,
835 1977 933 2043 fertur
955 1987 987 2043 et
1007 1978 1048 2042 ab
1071 1981 1108 2044 eo
1124 1979 1238 2044 urbem
1253 1981 1431 2045 Turonicam

335 2068 367 2126 et
387 2059 450 2126 alia
493 2083 552 2126 uae
575 2070 758 2146 pervaserat
778 2061 844 2126 vim
865 2063 1007 2147 recipit-⁸.

418 2081 587 2210 Roibertus
608 2167 666 2209 rex
688 2145 722 2209 in
736 2143 910 2232 Aquitania
931 2145 971 2211 ob
990 2156 1138 2232 nepotem
1154 2168 1245 2211 suum
1261 2147 1431 2213 Wilelmum

333 2229 498 2294 obsidione
518 2227 790 2296 Hildebertum⁰·⁴
811 2231 936 2316 premit.

418 2313 592 2379 Gerbertus
624 2314 739 2379 iterum
771 2314 906 2378 Romam
937 2313 1014 2379 adit.
1069 2315 1183 2401 Ibique
1217 2338 1292 2380 cum
1324 2337 1429 2380 moram

331 2397 458 2480 faceret,
480 2395 630 2461 Amulius
652 2397 688 2462 al
708 2397 860 2464 Rotberto
880 2419 955 2496 rege
977 2397 1153 2464 dimittitur.

418 2480 591 2546 Gerbertus
613 2503 685 2546 cum
701 2481 846 2548 Rotberti
863 2504 946 2568 regis
962 2482 1127 2566 perfidiam
1142 2484 1332 2566 dinosceret,
1356 2483 1431 2549 Otto-

333 2587 406 2629 nem
428 2587 536 2650 regem
558 2566 750 2652 frequentat,
780 2577 811 2631 et
830 2565 987 2652 patefacta
1009 2567 1058 2630 sui
1079 2568 1198 2653 ingenii
1220 2569 1352 2654 peritia,
1377 2567 1429 2651 epi·

334 2659 501 2733 scopatum
522 2649 737 2714 Ravennatem
760 2650 800 2714 ab
824 2671 861 2714 eo
882 2650 1029 2735 accipit⁵.

272 2766 322 2810 203,
419 2730 591 2878 Greglorius
634 2744 740 2818 papa⁶
776 2733 886 2798 tandiu
925 2735 1079 2819 permittit
1119 2734 1275 2800 Ammfof
1306 2735 1428 2801 officium

334 2815 498 2881 sacerdota
511 2837 537 2897 e,
571 2817 672 2904 donec
703 2818 736 2879 in
757 2818 953 2904 temporibus
981 2819 1215 2885 racionabiliter
1242 2829 1298 2885 aut
1319 2819 1429 2904 legibus

333 2899 481 2984 adquirat
500 2907 555 2964 aut
574 2898 698 2985 legibus
719 2901 843 2966 amittat
851 2913 873 2966 i.

392 3087 414 3141 a)
437 3091 512 3129 ilerum
533 3090 606 3130 deleta.
680 3088 704 3142 b)
726 3102 767 3132 voa
782 3092 867 3132 ulteria.
948 3091 969 3144 c)
993 3094 1101 3142 lucusque
1116 3095 1313 3144 atramenlosarro
1329 3106 1369 3145 qur
1378 3091 1426 3142 solia

331 3149 409 3189 cotiae
425 3149 504 3192 1-28.
525 3151 615 3189 taurula
630 3155 681 3190 runi
703 3150 767 3202 (quae
784 3152 830 3200 jum
848 3151 884 3190 oia
904 3153 944 3202 leui
962 3150 1078 3202 pererrant),¹
1100 3153 1184 3202 reliquo
1199 3159 1342 3194 atramentum
1355 3153 1425 3201 nicrum

330 3208 434 3256 foliorum
450 3207 551 3249 28-5b⁴.
565 3209 699 3258 prasiseruul.
768 3208 790 3260 d)
807 3221 836 3250 m,
853 3211 944 3260 penitus
962 3221 981 3252 e.
1000 3213 1020 3251 1.
1088 3209 1110 3262 e)
1127 3212 1192 3252 illum
1210 3215 1230 3252 1.
1296 3213 1373 3263 opust
1386 3209 1426 3248 uli.

332 3265 355 3319 g)
372 3267 495 3308 Amulium
522 3267 598 3308 offlclo
621 3268 758 3308 sacerdotali
780 3271 799 3310 i.
853 3267 876 3319 b)
893 3270 926 3308 lie
940 3271 1066 3310 notitiarum
1077 3271 1138 3321 flua.
1169 3272 1261 3321 Reliqua
1274 3273 1357 3322 papiria
1371 3277 1425 3308 uacua

331 3327 439 3374 remansit,
463 3332 547 3376 excepta
567 3327 695 3376 probatione
709 3338 806 3376 pmcne,
828 3332 846 3366 el
867 3329 907 3367 lac
926 3330 1031 3369 sententio
1050 3330 1144 3380 triferius
1163 3330 1249 3370 illeierl
1264 3343 1330 3372 mauu
1345 3329 1426 3369 adiectu:

331 3385 444 3425 Libellum
466 3395 534 3435 quem
554 3387 598 3426 hcc
618 3396 679 3425 anno
695 3387 849 3438 praestitistis,
874 3387 902 3426 de
919 3389 1042 3428 medicina.
1059 3392 1081 3428 et
1097 3389 1125 3428 ds
1147 3390 1267 3439 speciebus
1289 3389 1425 3430 metallorum,

331 3445 422 3492 quando
438 3446 462 3484 in
477 3445 576 3485 armario
591 3445 660 3485 simul
676 3446 767 3487 fuimus.
784 3445 840 3484 mihi
855 3447 1009 3488 transmittite.

405 3571 433 3642 1)
447 3577 588 3628 Heinrious
600 3577 782 3629 Baioariorum
795 3578 847 3628 dux
860 3595 883 3632 a.
898 3580 959 3642 995,
974 3579 1017 3629 die
1031 3580 1075 3630 at.
1087 3579 1201 3645 Augusti
1214 3581 1290 3631 obiit.
1345 3579 1371 3643 2)
1383 3578 1398 3626 i.
1407 3589 1426 3622 e·

330 3663 346 3698 a
370 3648 487 3711 Iudaeis,
516 3650 626 3700 medicis
650 3651 777 3715 fortasse,
806 3657 835 3702 ut
860 3652 893 3702 de
919 3651 1017 3703 Karolo
1044 3652 1127 3704 Calvo
1151 3653 1311 3705 Hincmarus
1338 3649 1425 3704 scribit.

331 3717 360 3784 3)
382 3721 423 3772 Ol.
443 3721 568 3772 Ademar.
594 3722 648 3784 III,
675 3724 724 3787 34,
758 3725 874 3788 salv,
906 3741 931 3792 p.
955 3725 1024 3789 131,
1055 3727 1101 3792 qui
1133 3726 1201 3776 haec
1233 3727 1312 3778 aliter
1341 3727 1423 3774 narret

329 3791 358 3859 4)
378 3793 540 3846 Aldebertus
558 3795 786 3861 Petregoricensis
806 3814 848 3865 ap.
867 3798 962 3849 Adam.
982 3799 1000 3850 l.
1020 3799 1039 3850 i.
1113 3797 1143 3864 b)
1163 3799 1305 3851 Richerum
1326 3797 1425 3852 Gerbor·

329 3873 383 3919 tum
405 3869 557 3919 comitatum
577 3884 635 3920 esse
655 3869 769 3937 ideoque
785 3870 857 3922 filum
871 3873 1028 3924 narrationis
1043 3871 1189 3939 abrupisse,
1202 3889 1295 3940 purum
1308 3865 1424 3940 probabili

330 3943 484 3994 coniectura
502 3943 594 3993 statuit
609 3941 781 4006 Lenormant3
797 3945 830 3996 cl.
839 3945 945 3996 Gnadet
954 3947 976 4009 i,
990 3963 1014 4012 p.
1023 3946 1106 3996 XXV.
1182 3945 1209 4011 6)
1231 3947 1304 3999 Obiit
1329 3961 1351 3997 a.
1372 3940 1425 3994 999,

331 4015 374 4066 die
393 4015 535 4066 Februarii
556 4015 601 4082 18,
630 4022 656 4066 et
676 4016 719 4068 die
737 4017 836 4084 Aprilis
857 4019 881 4070 2.
910 4021 1028 4086 proxime
1047 4021 1170 4084 sequenti
1190 4018 1332 4072 Gerbertus
1350 4013 1422 4084 ponti·

329 4087 437 4141 ficetum
456 4090 602 4140 Romanurn
622 4089 734 4156 adeptus
755 4097 802 4142 est.

672 4290 1093 4304 ο--ι--Ψ--η-
