2936 5010
317 387 369 440 tot
573 381 725 436 monam
744 379 996 436 meramnum
1015 379 1126 432 Luras
1144 379 1198 438 ΙΙΙ.

315 555 417 621 aereis
431 551 493 618 filis
516 553 678 640 signorum
700 551 819 637 figuras
840 550 1053 639 complicavit.
1090 550 1236 640 Axisque
1256 548 1324 616 loco
1337 550 1411 615 fistu-

316 637 379 704 lam
402 637 535 718 traiecit,
554 660 616 737 per
638 659 734 723 quam
755 633 848 723 polus
871 635 1015 702 caelestis
1042 645 1216 718 notaretur,
1244 643 1278 700 ut
1297 656 1333 700 eo
1352 657 1410 721 per-

318 733 428 822 specto
458 721 606 786 machma
642 719 730 786 caelo
759 741 779 783 a
802 729 931 786 taretur.
982 719 1076 786 Unde
1106 729 1138 787 et
1164 719 1359 800 factumest,
1383 729 1411 782 ut

319 805 517 894 singulorum
549 807 576 870 si
623 826 712 870 orum
742 815 788 870 ste
812 826 850 870 ae
890 805 1023 892 singulis
1055 804 1150 870 huius
1185 826 1298 891 sperae
1328 801 1411 887 signis

319 889 550 956 clauderentur.
577 828 667 954 illud
689 910 816 976 quoque
838 889 872 954 in
892 889 953 954 hae
975 889 1117 954 divinum
1139 888 1209 970 fuit,
1236 885 1412 975 quodcum
1457 911 1458 948 l

317 973 431 1062 aliquis
460 985 561 1040 artem
588 975 759 1059 ignoraret,
789 973 817 1038 si
845 995 945 1038 unum
972 975 1002 1040 ei
1030 974 1157 1059 signum
1178 973 1413 1038 demonstratum

315 1058 407 1142 soret,
429 1058 552 1146 absque
573 1057 725 1144 magistro
748 1067 853 1122 cetera
874 1081 932 1144 per
953 1079 1078 1144 speram
1101 1065 1317 1143 cognosceret
1346 1053 1413 1120 Inde

318 1145 413 1210 etiam
446 1165 520 1208 suos
555 1139 729 1207 liberaliter
760 1143 920 1208 instruxit.
977 1141 1084 1230 Atque
1115 1141 1195 1207 baec
1226 1149 1354 1206 actenus
1382 1139 1413 1204 de

316 1228 518 1296 astronomia.

665 1347 716 1411 54.
750 1345 936 1414 Confectio·
957 1347 1048 1414 abaci
1056 1357 1079 1411 ¹.

400 1451 439 1516 In
460 1451 635 1538 geometria
655 1451 755 1516 vero*
776 1473 840 1515 non
862 1451 967 1516 minor
987 1451 1021 1515 in
1042 1448 1187 1516 docendo
1208 1445 1300 1513 labor
1313 1468 1415 1533 expen-

319 1557 373 1600 sus
396 1545 452 1602 est.
497 1533 596 1602 Cuius
618 1533 846 1600 introductioni
867 1534 1014 1616 abacum,
1036 1533 1070 1598 id
1090 1543 1140 1598 est
1152 1530 1295 1598 tabulam
1310 1531 1414 1596 dimen-
1459 1559 1460 1592 5

319 1617 461 1684 sionibus
490 1641 510 1682 a
534 1629 609 1704 tam,
639 1641 734 1705 opere
764 1619 895 1684 scutarii
923 1619 1056 1685 effecit¹.
1110 1617 1212 1684 Cuius
1239 1613 1415 1702 longitudini
1459 1673 1460 1676 ,

317 1704 352 1767 in
373 1703 412 1766 27
429 1641 579 1802 partibus
601 1703 750 1768 diductae
777 1724 892 1768 novem
914 1725 1047 1768 numero
1068 1711 1159 1767 notas
1180 1723 1308 1766 omnem
1321 1721 1414 1764 nume-

318 1808 389 1852 rum
411 1786 626 1872 significantes
641 1787 808 1874 disposuit.
850 1785 903 1851 Ad
922 1809 1055 1874 quarum
1078 1787 1173 1854 etiam
1192 1783 1415 1850 similitudinem

318 1869 404 1935 mille
437 1891 570 1935 corneos
603 1871 708 1936 effecit
740 1879 925 1954 caracteres,
958 1873 1013 1972 qui
1045 1893 1103 1959 per
1134 1872 1174 1934 27
1200 1869 1292 1935 abaci
1323 1876 1415 1956 partes
1460 1925 1461 1928 ,

318 1955 464 2034 mutuati,
477 1955 630 2041 cuiusque
643 1956 765 2020 numeri
782 1953 1074 2042 multiplicationem
1091 1955 1159 2019 sive
1173 1953 1361 2018 divisionem
1375 1951 1416 2015 de·

319 2038 345 2102 si
428 2047 591 2120 ent;tanto
601 2038 789 2126 compendio
798 2061 1003 2106 numerorum
1011 2037 1245 2104 multitudinem
1255 2036 1417 2102 dividentes

318 2060 427 2188 veinid
460 2121 648 2209 tiphcantes,
670 2133 705 2188 ut
725 2145 782 2209 pre
804 2125 903 2188 nimia
923 2125 1150 2190 numerositate
1172 2123 1280 2208 potius
1298 2118 1416 2203 intelligi
1461 2178 1462 2186 ,

342 2228 416 2272 uam
445 2206 551 2272 verbis
578 2206 721 2274 valerent
748 2207 882 2274 ostendi.
933 2208 1078 2290 Quorum
1108 2206 1274 2272 scientiam
1326 2205 1357 2268 ui
1382 2199 1416 2265 ad

317 2229 448 2442 {lenum
477 2291 558 2357 scire
588 2291 756 2374 desiderat,
783 2291 868 2378 legat
889 2294 956 2358 eius
984 2291 1111 2374 librum,
1142 2312 1236 2377 quem
1259 2226 1366 2354 scribit
1383 2283 1417 2349 ad

348 2376 585 2448 onstannuumb
607 2377 851 2464 grammaticum
861 2389 883 2442 ¹.
930 2377 981 2442 lbi
1003 2378 1089 2441 enim
1110 2375 1190 2440 haec
1212 2374 1289 2438 satis
1310 2372 1416 2438 habun-

318 2459 493 2546 danterquc
515 2469 648 2525 tractata
668 2461 817 2526 inveniet.

201 2575 240 2632 Ῥ·
257 2581 308 2622 ⁶¹⁹·
388 2579 459 2645 *bia
491 2579 617 2644 Famae
640 2579 789 2646 Gerberti
811 2603 869 2668 per
891 2579 1013 2646 Gallias
1036 2589 1067 2644 et
1087 2577 1213 2645 Italiam
1236 2577 1357 2642 diffusa.

201 2633 307 2682 ‘rom'
423 2681 582 2748 Fervebat
632 2681 764 2766 studiis,
831 2704 1045 2770 numerusque
1111 2679 1339 2780 discipulorum
1390 2677 1417 2738 in

319 2762 386 2829 dies
416 2764 629 2830 accrescebat.
686 2767 810 2832 Nomen
843 2767 937 2832 etiam
969 2768 1050 2832 tanti
1079 2765 1218 2831 doctoris
1249 2759 1416 2829 ferebaturd

318 2869 383 2912 non
405 2847 507 2913 solum
534 2871 592 2936 per
620 2847 751 2934 Gallias,
779 2849 834 2916 sed
866 2851 961 2916 etiam
987 2873 1045 2936 per
1075 2850 1266 2916 Germaniae
1318 2845 1417 2932 opulos

318 2931 519 3000 dilatabatur.
558 2933 759 3021 Transiitque
778 2957 838 3033 per
859 2933 958 3022 Alpes
980 2957 1018 2998 ao
1040 2933 1229 3000 diffunditur
1249 2871 1417 3026 inPItaliaru

317 3039 418 3103 usque
440 3016 631 3082 Thirrenum
654 3029 686 3084 et
706 3019 916 3084 Adriaticum.
969 3019 1042 3100 Quo
1069 3029 1212 3104 tempore
1240 3015 1364 3082 Otricus
1388 3033 1417 3074 m
1462 3031 1463 3100 }

319 3099 460 3166 Saxonia
486 3101 621 3186 insignis
651 3102 859 3168 habebatur³.
908 3101 974 3167 Hic
1003 3125 1077 3167 cum
1127 3101 1285 3188 hilosophi
1311 3100 1416 3164 lamam
1462 3117 1463 3122 ’

317 3184 458 3255 audisset
494 3184 750 3274 adverteretque,
788 3185 874 3274 quod
905 3187 939 3250 in
978 3188 1065 3252 omni
1104 3125 1317 3273 disputatione
1358 3187 1417 3248 rata

316 3292 424 3337 rerum
445 3269 602 3336 divisione
617 3280 767 3354 uteretur,
790 3294 808 3335 a
832 3268 906 3336 ebat
920 3272 1008 3358 apud
1022 3293 1105 3352 suos,
1128 3281 1164 3336 ut
1184 3269 1310 3356 aliquae
1323 3286 1416 3333 rerum
1462 3349 1463 3352 Ἴ

317 3355 492 3421 divisarum
521 3353 642 3440 figurae
675 3356 715 3421 ab
751 3293 845 3420 scolis
873 3353 1054 3442 philosophi
1077 3354 1139 3420 sibi
1161 3354 1363 3436 deferrentur,
1390 3355 1418 3411 et
1462 3423 1463 3428 .

316 3439 456 3505 maxime
484 3439 715 3527 philosophiae,
746 3461 783 3505 eo
814 3438 900 3526 quod
926 3439 960 3502 in
989 3450 1058 3504 rata
1084 3439 1151 3505 eius
1181 3438 1336 3504 divisione
1355 3453 1416 3522 per·

389 3639 413 3707 *)
434 3640 509 3692 euius
519 3641 585 3692 nihil
595 3645 656 3692 ante
669 3641 775 3693 Galliae
788 3642 915 3708 scriptum
925 3640 1070 3706 habebant,
1081 3645 1195 3708 quantus
1209 3639 1285 3692 labor
1299 3647 1417 3706 expensus

386 3761 393 3774 ,
435 3713 477 3774 sit,
498 3729 583 3765 sermo
602 3715 688 3781 impar
708 3715 798 3766 dicere
818 3730 871 3766 nou
890 3714 988 3767 suflicit
1009 3716 1033 3768 1.

375 3873 398 3928 a)
423 3874 509 3928 Gonia,
529 3877 551 3916 cl
570 3878 626 3917 abac.
701 3876 724 3930 b)
748 3878 773 3920 O.
797 3889 816 3920 c.
899 3877 920 3930 c)
942 3891 997 3931 qaae
1016 3883 1138 3930 sequuntur
1153 3879 1177 3919 lo
1192 3878 1252 3929 solio
1277 3883 1327 3936 post
1347 3873 1416 3924 adim

315 3935 397 3987 serim
417 3940 475 3976 runt.
550 3937 573 3987 d)
590 3937 662 3977 fartim
679 3959 704 3968 —
720 3938 838 3979 dtlatatur.
869 3939 1009 3990 Transltquo
1025 3941 1046 3980 1.

391 4074 419 4142 1)
440 4074 481 4127 cf.
503 4075 622 4137 Chasles,
641 4075 820 4144 ‘Explicatiou
840 4076 887 4129 des
906 4077 998 4131 traitds
1018 4077 1052 4130 de
1064 4077 1192 4141 l'abucus,
1208 4085 1236 4130 et
1248 4069 1417 4144 particulitrc
1460 3973 1463 4112 l

315 4155 389 4200 ment
408 4148 444 4200 du
462 4147 539 4200 traite
560 4149 593 4200 de
608 4149 728 4202 Garbert’
748 4149 836 4218 (Paris
858 4150 936 4202 1843.
956 4150 995 4219 4).
1052 4150 1080 4218 2)
1100 4152 1142 4203 De
1163 4151 1294 4203 divisione
1307 4159 1416 4200 uumero-
1461 4177 1463 4204 ,

316 4237 389 4285 ¹'¹¹¹113
408 4239 434 4273 v.
449 4222 547 4275 Ollaria
566 4241 592 4291 p.
606 4223 659 4273 349
673 4239 732 4291 sqq.
788 4219 819 4291 8)
839 4224 880 4275 De
901 4241 953 4291 quo
974 4225 1008 4277 cf.
1020 4226 1134 4278 Thletm.
1153 4225 1207 4286 111,
1227 4222 1253 4275 8.
1273 4225 1318 4287 VI,
1337 4221 1376 4271 26.
1394 4219 1416 4267 ol
1462 4233 1463 4262 l

316 4295 349 4345 V.
369 4294 510 4434 Adqlberti
535 4312 560 4348 a.
581 4296 700 4349 Iohanne
720 4297 779 4349 cd
806 4297 869 4366 (SS.
888 4298 936 4364 IV,
956 4315 983 4367 p.
1004 4298 1079 4368 582),
1107 4314 1132 4352 a.
1152 4297 1280 4351 Brunoua
1300 4314 1324 4349 o.
1341 4296 1355 4346 t
1373 4291 1415 4360 (th
