2938 5016
324 411 358 460 36
585 405 736 460 monam
756 405 1010 460 HISTORIARUM
1029 405 1142 458 LIBER
1161 409 1183 459 1.

262 579 395 644 ⁹³1.Rex
416 575 561 662 partibus
577 575 739 640 Heriberti
761 575 848 640 cives
869 573 976 640 favere
991 573 1180 660 intelligens,
1202 573 1332 640 collecto
1346 599 1427 640 exer-

323 663 397 744 citu,
425 661 538 726 urbem
565 661 750 746 repentinus
779 656 973 744 agreditur.
1027 659 1219 746 Ingredique
1250 657 1426 744 prohibitus,

323 743 522 810 obsidionem
550 744 692 831 applicat
709 765 747 808 ac
763 681 920 808 urbanosa
943 743 1123 808 resistentes
1138 742 1280 808 fervidus
1294 743 1426 830 adurget.

324 831 389 912 Qui
418 828 518 894 multa
546 828 785 916 expugnatione
814 828 933 908 vexati,
963 827 1063 891 tercia
1094 827 1223 892 tandem
1260 827 1427 893 ebdomada

323 925 431 1002 portas
453 914 529 978 victi
552 923 583 980 et
605 910 766 998 supplices
789 933 952 998 aperuere.
984 911 1215 998 Ingressusque
1238 913 1346 978 urbem
1365 935 1426 992 rex,

322 1009 396 1086 post
406 996 557 1064 nonnulla
568 996 734 1083 disposita,
744 994 857 1060 collato
867 997 1012 1060 cumsuis
1023 995 1164 1078 consili0,
1173 997 1426 1062 civesaccersitb.

203 1155 261 1200 ιποι.
278 1158 313 1202 rr.
365 1137 416 1202 60.
450 1137 583 1202 *Oratio
605 1133 733 1200 Rodulfi
754 1135 838 1220 regis
861 1133 903 1200 ad
912 1147 923 1177 ⁰
946 1135 1033 1200 cives
1055 1133 1251 1200 Remenses⁰
1274 1157 1383 1221 prose

796 1232 969 1284 suasor1a0.

408 1323 589 1409 Coramque
619 1323 663 1386 sic
693 1322 893 1386 contionatus
936 1322 996 1386 ait:
1033 1321 1247 1404 ‘Quantum’⁶,
1280 1323 1426 1408 inquiens,

324 1405 452 1490 maedis,
476 1415 630 1493 quantum
652 1406 748 1470 etiam
767 1407 951 1492 rapinarum
974 1428 1025 1470 res
1044 1404 1194 1492 publica⁰
1216 1406 1352 1471 factione
1371 1429 1427 1470 ma-

324 1491 426 1556 lorum
448 1513 551 1576 nuper
572 1511 667 1577 passa
694 1492 743 1572 sit,
771 1492 901 1576 optime,
934 1501 969 1555 ut
990 1500 1078 1575 puto,
1100 1491 1209 1555 nostis.
1252 1489 1326 1556 Non
1352 1491 1427 1556 enirn

323 1576 393 1642 fieri
407 1577 520 1662 potuit,
550 1585 594 1658 ut,
616 1585 663 1640 tot
688 1573 780 1640 malis
809 1575 928 1674 ubique
978 1575 1184 1657 rassantibus,
1213 1575 1324 1640 intacti
1350 1575 1427 1662 peni-

324 1668 439 1745 tusque
454 1661 611 1724 immunes
627 1657 893 1747 relinqueremini.
967 1681 1019 1722 am
1041 1681 1115 1723 oum
1136 1669 1243 1723 vestra
1261 1660 1428 1724 necessaria

326 1765 401 1828 sepe
417 1743 484 1808 dire
508 1753 550 1824 ta,
581 1765 657 1829 sepe
686 1744 852 1808 combusta
881 1743 953 1824 sint,
983 1765 1093 1808 eorum
1123 1743 1335 1809 calamitatem
1362 1741 1427 1808 tole·
1465 1767 1467 1806 ε

324 1827 427 1892 rastis.
476 1766 519 1892 dr
546 1847 609 1890 non
632 1825 734 1890 solum
756 1825 885 1912 publica
907 1827 1057 1909 exterius,
1080 1836 1113 1892 at
1134 1827 1187 1892 hic
1205 1829 1334 1926 privata
1354 1828 1428 1893 bona
1465 1829 1466 1832 ’

325 1911 515 1976 intrinsecus
530 1933 549 1975 a
565 1911 729 1976 sevissimo
752 1921 902 1976 exactore
925 1912 1094 1976 Heriberto
1117 1910 1233 1976 cotidie
1248 1913 1428 1976 imminuun-

325 2003 386 2060 tur.
419 1994 514 2059 Unde
537 2003 569 2060 et
590 1994 681 2060 vobis
704 1996 933 2061 consulendum
956 1994 1100 2078 arbitror,
1123 2007 1158 2061 ut
1173 2005 1334 2082 pastorem
1348 1994 1428 2061 vobis

326 2078 530 2144 commodum
560 2080 742 2145 conibentia
774 2081 935 2144 communi
968 2079 1102 2166 eligatis,
1135 2102 1208 2144 cum
1241 2079 1294 2144 ille
1324 2079 1428 2146 tiranni

324 2161 408 2228 filius
434 2163 538 2228 adhuc
564 2163 737 2230 infantulus
765 2164 857 2229 vobis
889 2163 1023 2229 idoneus
1051 2186 1116 2228 non
1145 2167 1195 2247 sit,
1228 2187 1266 2230 ac
1288 2165 1427 2230 canonica

325 2250 497 2314 auctoritas
518 2269 634 2314 vacare
656 2247 843 2315 aecclesiam
866 2258 994 2336 pastore
1015 2258 1102 2314 tanto
1124 2258 1268 2334 tempore
1289 2271 1355 2314 non
1369 2271 1427 2335 per·

324 2335 438 2399 mittat.
490 2333 557 2398 Nee
590 2331 756 2400 dedecoris
789 2335 962 2420 quicquam
989 2335 1023 2396 in
1049 2355 1107 2398 vos
1135 2333 1338 2417 redundabit,
1366 2355 1427 2398 cun

325 2417 454 2482 militari
476 2417 628 2482 violentia
648 2419 750 2484 victos
772 2429 804 2484 et
826 2427 936 2504 captos
959 2415 1021 2481 alia
1043 2417 1134 2505 sequi
1163 2419 1337 2484 necessitas
1365 2417 1428 2482 voss

330 2501 494 2587 adurgeat.
544 2501 613 2566 Neo
644 2524 702 2568 vos
735 2503 837 2567 fateor
865 2511 1001 2584 tantum,
1036 2511 1189 2589 quantum
1224 2524 1283 2650 algo
1316 2504 1350 2567 in
1379 2503 1427 2566 hoc

325 2586 454 2670 negotio
484 2585 638 2650 oberravi.
686 2586 799 2672 Itaque
827 2586 940 2650 fecisse
969 2609 1020 2650 mc
1049 2587 1179 2672 penitet.
1261 2589 1377 2654 eniteat
1404 2594 1428 2649 et

325 2689 383 2732 vos
417 2679 594 2733 vestrarum
629 2691 735 2734 rerum
771 2669 974 2770 dispendium
1007 2672 1179 2758 peregisse.
1223 2670 1377 2737 Reducite
1402 2672 1427 2732 in

325 2759 475 2835 mentem,
498 2763 617 2839 quanta
638 2775 696 2818 vos
718 2752 881 2819 calamitas
903 2754 1053 2820 affecerit.
1098 2754 1305 2821 Considerate
1335 2757 1426 2834 etiam,

326 2847 443 2922 quanto
465 2836 678 2901 secundarum
700 2861 806 2903 rerum
828 2860 982 2904 successu
996 2837 1130 2926 provehi
1145 2841 1285 2926 possitis,
1309 2842 1338 2905 si
1355 2841 1426 2907 bono

326 2928 454 3005 pastore
475 2921 647 3006 regamini'.

691 3043 741 3106 ar.
774 3041 898 3109 naam
920 3041 1074 3109 Artoldis.
1147 3001 1154 3009 ’

410 3140 507 3207 Cives
534 3143 575 3208 ab
604 3165 679 3230 rege
705 3145 800 3228 suasi,
829 3146 924 3209 iussis
946 3147 1042 3232 regiis
1068 3147 1257 3214 concedunt.
1287 3147 1427 3213 Artoldus
1461 3143 1462 3152 ‘

325 3226 433 3313 itaque
455 3225 644 3311 monachus,
673 3249 748 3315 rege
769 3230 908 3312 iubente,
937 3252 979 3294 ex
1002 3229 1155 3296 coenobio
1178 3233 1280 3297 sancti
1304 3229 1426 3317 Remigii

326 3312 468 3375 omnium
483 3333 638 3377 consensu
653 3335 730 3376 mox
745 3324 937 3400 assumptus,
960 3337 1019 3401 per
1034 3317 1273 3400 impositionem
1287 3336 1427 3381 manuum
1461 3355 1462 3382 r

325 3395 547 3484 episcoporum
566 3407 709 3483 tempore
731 3397 902 3463 constituto
924 3398 1023 3484 regali
1045 3400 1214 3465 donatione
1236 3411 1427 3466 consecratur

325 3481 507 3566 episcopus.
541 3480 606 3561 Qui
620 3481 794 3566 prudenter
808 3504 846 3546 ac
862 3493 988 3548 strenue
1004 3485 1110 3548 omnia
1131 3507 1255 3570 gerens,
1278 3487 1355 3550 satis
1373 3483 1426 3549 suis

324 3564 452 3648 profuit,
475 3574 569 3649 atque
591 3587 633 3628 ex
654 3565 827 3631 benefactis
850 3567 992 3631 omnium
1017 3579 1049 3633 et
1070 3571 1210 3635 maxime
1233 3591 1364 3634 suorum
1384 3567 1427 3632 be·
1459 3599 1461 3622 ι

324 3646 530 3711 nivolentiam
555 3645 675 3712 habuit.

353 3765 403 3830 62.
433 3763 548 3852 Captio
573 3765 735 3833 Bovonisr
761 3768 980 3946 Offifflgfih
1005 3774 1150 3860 episcopi
1174 3773 1404 3861 Lauduniqueu
1458 3811 1460 3892 q

408 3953 498 4034 Quae
520 3953 597 4017 dum
617 3964 815 4040 gererentur,
837 3957 928 4022 Bovo
952 3958 1233 4025 Catalaunensium
1257 3962 1425 4047 episcopus,
1459 3913 1460 3999 l

323 4036 452 4102 fortuita
484 4040 704 4124 peragratione
732 4062 751 4104 a
776 4042 873 4106 reoriis
901 4042 1107 4129 stipatoribus
1136 4053 1259 4129 captus,
1289 4067 1327 4110 eo
1350 4038 1424 4131 quod

322 4132 353 4187 et
373 4122 443 4208 ipse
465 4121 606 4188 desertor
632 4123 673 4188 ab
695 4147 770 4210 rege
803 4091 971 4210 defecerat,
1004 4131 1073 4214 regi
1103 4128 1228 4194 oblatus
1258 4139 1315 4195 est.
1369 4123 1423 4207 Qui

382 4283 404 4335 a)
419 4291 468 4334 poet
482 4286 532 4326 add.
593 4286 616 4339 b)
633 4291 714 4328 evocat
730 4291 750 4329 1.
812 4287 833 4342 c)
849 4290 870 4342 d,
886 4301 930 4342 sss,
946 4292 982 4332 rla
997 4293 1055 4339 abac.
1114 4291 1137 4344 d)
1155 4293 1252 4341 Quantis
1269 4297 1289 4336 1.
1341 4291 1362 4345 e)
1376 4303 1391 4331 r·
1406 4299 1423 4338 1)·

323 4341 367 4381 cod.
435 4343 563 4396 oddaram,
586 4347 622 4386 sed
633 4352 710 4396 postca
732 4352 756 4387 at
778 4348 861 4389 videtur
876 4351 997 4392 restitutum
1014 4354 1034 4393 1.
1103 4351 1126 4404 g)
1143 4353 1151 4392 l
1167 4352 1224 4393 abac.
1291 4351 1316 4405 h)
1334 4353 1369 4404 bo,
1384 4349 1425 4396 uni,

323 4400 381 4453 Lan,
395 4401 481 4442 dodltlo
497 4404 552 4446 abac.
