2936 5010
313 397 347 448 86
568 392 721 446 monum
739 391 993 446 ffls‘roltmsun
1012 392 1124 444 amns
1141 392 1181 444 11.

250 561 439 713 ⁹⁵¹'3ffibm
467 568 638 648 postquam
672 559 759 625 iussa
786 557 908 646 regalia
936 557 1011 624 data
1037 567 1119 641 sunt,
1155 580 1215 624 rex
1248 561 1282 624 in
1315 559 1421 625 urbem

345 646 532 727 esontium1,
560 665 641 730 quae
671 651 719 708 est
745 641 930 728 metropolis
960 642 1220 726 Genaunorum¹,
1251 644 1304 708 cui
1332 645 1421 709 etiam

312 733 347 795 in
367 726 504 816 Alpibus
532 729 611 794 sitae
640 725 731 792 Aldis
759 725 889 792 Dubis¹
915 726 1102 812 preterfluit,
1131 749 1205 792 cnm
1233 727 1313 793 duce
1341 750 1421 794 exer·

313 815 411 880 citum
433 811 570 878 deducit.
607 809 713 898 Atque
734 810 780 876 ibi
794 808 956 892 Letoldus,
979 809 1123 876 eiusdem
1144 812 1233 877 urbis
1247 813 1420 898 princeps³,

310 898 354 962 ad
376 897 444 962 eius
466 895 612 961 militiam
634 903 832 960 sacramento
853 895 976 960 transit

396 980 447 1046 99.
481 978 630 1062 Quibusl
645 978 779 1044 feliciter
793 989 889 1065 atque
904 976 1023 1044 utiliter
1036 977 1164 1061 habitis,
1186 1001 1261 1044 cum
1275 989 1419 1045 autumno

312 1073 491 1130 maturante
506 1062 733 1130 clementorum
748 1062 928 1128 immutatio
942 1061 1041 1144 fieret,
1057 1083 1116 1126 rex
1130 1061 1269 1128 colerico
1283 1073 1421 1145 vexatus,

312 1150 347 1213 in
368 1158 496 1214 acutam
516 1146 638 1214 febrem
659 1145 788 1212 decidit
838 1145 921 1212 Oum
949 1157 1046 1230 erg0⁸
1071 1145 1271 1246 aegritudine
1300 1169 1421 1234 pressus

312 1231 463 1298 militaria
484 1252 595 1296 curare
616 1252 682 1296 non
703 1241 822 1318 posset,
849 1229 918 1295 dux
943 1229 1010 1294 ab(¹
1031 1230 1091 1294 eod
1115 1253 1220 1295 iussus
1250 1232 1422 1297 exercitam

312 1316 444 1382 reducit.
493 1313 646 1380 Letoldus
674 1337 751 1380 vero
779 1316 929 1401 princeps
957 1313 991 1376 in
1017 1313 1089 1400 ipsa
1115 1314 1201 1400 regis
1230 1315 1422 1401 aegritudine

312 1399 498 1466 fidelissime
519 1409 615 1499 atque
629 1399 857 1464 humanissime
879 1398 948 1484 regi
962 1395 1142 1463 famrdatur.
1184 1397 1230 1464 At
1244 1399 1297 1464 die
1311 1399 1422 1464 cretica

313 1494 387 1572 post
406 1482 504 1550 febris
521 1484 647 1548 imtium
669 1483 835 1569 impariter
848 1483 1006 1562 veniente,
1028 1480 1181 1548 firmiter⁰
1202 1491 1235 1547 et
1255 1482 1422 1548 inrecidive

313 1567 483 1634 convaluit.
533 1567 778 1654 Transactisque
808 1563 921 1632 diebus
949 1565 1008 1629 30¹
1031 1573 1105 1651 post
1131 1567 1276 1665 corporis
1302 1588 1422 1653 repara

312 1653 441 1732 tionem,
464 1672 537 1715 cum
559 1649 693 1716 Letoldo
715 1649 861 1737 principe
882 1651 915 1714 in
937 1649 1106 1714 Raecium
1127 1649 1219 1715 redrt

399 1737 468 1800 100.
501 1734 566 1798 Et(¹
588 1756 660 1798 cum
677 1736 741 1798 iam
763 1735 815 1800 Bu
876 1733 970 1798 ndiae
998 1741 1143 1798 extrema
1162 1734 1343 1820 attingeret,
1363 1733 1422 1798 via-

312 1829 418 1884 torum
439 1815 541 1883 relatu
562 1819 725 1904 comperit,
776 1839 834 1882 uos
858 1839 911 1882 am
934 1818 989 1902 qui
1009 1816 1183 1882 latrociniis
1205 1827 1238 1882 et
1259 1816 1422 1882 discursio·

312 1901 408 1967 nibus
430 1901 628 1988 provinciam
655 1901 770 1968 infesta
793 1911 857 1985 aut,
884 1897 1116 1986 Angelbertum
1142 1899 1265 1966 seilicet
1292 1910 1325 1966 et
1347 1900 1421 1966 Gor

312 1985 447 2068 bertum,
470 1985 679 2050 munitionem
695 2007 777 2072 quae
795 1983 961 2051 dicebatur
974 1983 1114 2050 Briona⁴
1135 1986 1344 2066 exstruxisse,
1365 2003 1421 2069 quo

312 2069 409 2136 etiam
430 2078 504 2156 post
524 2067 683 2155 flagitiosa
704 2070 858 2136 exercitia
878 2091 947 2136 sese
969 2067 1178 2155 recipiebant
1214 2067 1309 2134 Hanc
1332 2069 1421 2156 igitur

313 2175 372 2220 rex
393 2175 572 2240 aggressus,
603 2151 769 2220 obsidione
799 2152 990 2230 circumdat3
1017 2174 1062 2238 pu
1148 2173 1189 2216 uc
1218 2153 1370 2218 continua
1388 2169 1421 2214 ac

313 2238 398 2304 famo
420 2238 541 2320 atterit3
563 2246 595 2303 et
616 2237 747 2304 tandem
769 2237 857 2324 capit
878 2173 1256 2322 solotenusqllaliruitr.
1297 2235 1421 2300 Latron-

314 2321 402 2388 culos
424 2344 501 2388 vero
523 2323 671 2407 petented
685 2320 841 2386 Letoldod
864 2321 923 2387 sub
945 2330 1143 2386 sacramento
1158 2317 1248 2385 abire
1266 2318 1419 2406 permittit

401 2406 471 2470 101.
504 2406 591 2471 Inter
611 2405 691 2472 haec
712 2427 785 2470 curn
806 2427 864 2470 rex
886 2405 920 2468 in
940 2403 1086 2490 partibus
1101 2402 1307 2489 Burgundiae
1324 2402 1420 2468 adhuc

315 2489 517 2570 detineretur,
539 2488 708 2575 Aethgiva,
730 2499 833 2554 mater
853 2489 931 2570 eius,
956 2509 990 2552 re
1015 2487 1077 2568 'na,
1092 2509 1129 2557 ec
1144 2488 1322 2573 ignorante,
1337 2485 1420 2550 Heri·

315 2573 405 2639 berto
427 2573 537 2636 comiti
558 2575 676 2658 nupsit,
700 2581 732 2638 et
752 2572 865 2638 relicta
886 2570 965 2638 urbe
1008 2569 1146 2654 auduno,
1173 2570 1215 2636 ab
1238 2593 1275 2636 eo
1292 2569 1421 2636 deducta
1463 2587 1464 2634 ᾗ

314 2663 371 2720 est.
426 2654 524 2736 Quod
554 2678 614 2721 rex
644 2655 849 2724 vehementer·
878 2655 945 2720 indi
1034 2667 1080 2739 st,
1108 2655 1211 2721 redire
1239 2663 1376 2720 maturat
1394 2661 1421 2717 et

315 2759 389 2803 cum
417 2737 583 2825 Gerberga
611 2741 722 2826 regina
749 2761 850 2807 uxore
877 2741 948 2805 Lau
970 2760 1070 2804 unum
1099 2739 1133 2804 in
1172 2739 1288 2804 editur.
1338 2738 1379 2802 Et
1404 2756 1421 2798 a

314 2833 415 2890 matre
436 2822 582 2888 auserem
604 2823 717 2909 predia
738 2834 770 2890 ct
790 2824 886 2890 aedes
907 2824 1022 2909 regias,
1044 2823 1139 2888 uxori
1182 2822 1319 2909 delegat

183 2935 241 2980 ἰοι.
259 2937 305 2977 ar.
398 2907 468 2972 102.
502 2907 644 2973 *Interea
665 2906 833 2994 Gerberga
853 2909 966 2993 regina
986 2905 1136 2972 Lauduni
1161 2908 1309 2992 geminos
1333 2905 1421 2970 enixa

196 3051 206 3074 ‚
254 2994 373 3096 mest.
407 2990 551 3072 Quorum
571 2990 651 3058 alter
670 2992 821 3086 Karolus,
843 2991 942 3056 *alter
962 2991 1135 3056 Heinricus
1156 3001 1289 3057 vocatus
1307 2999 1362 3058 est.
1382 2985 1420 3085 dt

215 3066 237 3106 Ρ·
299 3073 487 3140 'Heinricus
522 3097 600 3140 mox
636 3084 723 3161 post¹
759 3076 841 3140 sacri
882 3074 1084 3160 baptismatis
1121 3075 1358 3174 perceptionem
1391 3091 1420 3134 111

314 3155 395 3307 adbis
422 3157 557 3286 dechit
605 3157 744 3224 Karolus
771 3168 878 3224 autem
905 3159 999 3224 curnl
1020 3157 1157 3224 natrrrali
1176 3159 1294 3222 vinum
1315 3155 1419 3222 robore
1461 3193 1462 3198 κ

313 3250 499 3308 eucatur.

254 3351 305 3396 ssa.
399 3327 470 3392 103.
501 3325 683 3392 Ludovicus
715 3347 790 3392 vero
824 3348 882 3391 rex
910 3326 1027 3392 Remos
1054 3324 1195 3406 rediens,
1229 3345 1305 3389 cum
1331 3321 1419 3390 fluvio

313 3407 450 3476 Axonac
464 3413 701 3510 propinquaret,
722 3431 781 3495 per
795 3410 987 3496 campestria
1000 3408 1114 3494 lupum
1125 3409 1230 3496 preire
1245 3405 1419 3494 conspicite
1460 3421 1461 3466 l

315 3493 421 3574 Quem
442 3517 459 3559 c
483 3515 524 3558 uo
545 3516 661 3560 emrsso
684 3493 856 3577 insecutus,
878 3516 938 3579 per
958 3492 1052 3558 devia
1066 3493 1218 3578 exagitat
1251 3490 1305 3556 Ad
1321 3508 1420 3556 omnes

314 3575 399 3643 ferae
421 3575 480 3640 dec
493 3577 647 3644 inationes
669 3599 787 3663 equum
815 3578 986 3664 impatiens
1020 3574 1218 3642 obvertebat.
1267 3575 1333 3641 Nec
1359 3571 1419 3658 qui·

314 3680 422 3724 escere
436 3659 638 3744 paciebatur,
663 3660 785 3726 doneed
810 3661 951 3748 equestri
967 3661 1140 3726 certamine
1154 3659 1329 3746 fugientem
1343 3655 1419 3723 evin-

374 3825 397 3878 a)
412 3839 423 3868 s
437 3839 495 3870 corr.
510 3829 535 3869 s'a
546 3829 592 3869 loco
607 3841 667 3870 raso.
713 3828 737 3882 b>
754 3831 783 3872 nt
798 3834 872 3872 mater
885 3831 976 3871 radten
991 3837 1096 3880 coeptam.
1147 3829 1168 3882 c)
1186 3841 1207 3872 e.
1224 3831 1295 3873 rexi.
1340 3826 1361 3878 d)
1374 3829 1419 3876 pasl

314 3885 365 3927 add.
419 3885 440 3938 e)
457 3887 517 3929 bene
533 3898 560 3928 ac
575 3887 592 3932 f.
610 3891 630 3931 1.
683 3887 758 3940 OXX
776 3891 797 3930 1.
848 3888 872 3944 g)
888 3890 904 3930 l.
921 3899 973 3930 cum
990 3887 1110 3942 Gerberga
1125 3901 1143 3934 r.
1161 3891 1180 3929 1.
1231 3889 1256 3944 h)
1273 3901 1296 3930 u.
1312 3887 1385 3929 onnia
1400 3885 1417 3922 l.

314 3945 330 3998 l)
345 3943 370 3999 p'
386 3956 403 3986 c.
464 3944 488 4000 k)
505 3947 613 3988 educatus
632 3949 651 3990 1.
848 3975 851 3982 ι

390 4078 418 4145 1)
437 4079 498 4129 Hac
512 4078 545 4130 de
558 4095 587 4131 re
600 4077 666 4131 nihil
679 4079 757 4133 Flod.
783 4081 877 4148 Neque
891 4080 1013 4134 Vesontii
1027 4077 1191 4145 (Besancon)
1205 4081 1286 4131 sitnm
1298 4076 1417 4130 Richards

315 4153 421 4204 novisse
439 4151 553 4206 videtur.
627 4149 657 4219 2)
680 4154 783 4206 Doubs.
859 4150 889 4220 3)
909 4151 1019 4220 quidam
1037 4150 1216 4221 Burgundios
1234 4168 1320 4204 mmet.
1333 4145 1419 4207 blod-3

316 4239 405 4276 comes
424 4224 474 4276 fuit
493 4227 572 4277 etiarn
591 4225 806 4279 Matisconensis.
869 4225 899 4294 4)
918 4224 1244 4278 Erisane-le-Cbateau.
1305 4222 1333 4290 t)
1350 4221 1419 4272 Haec

315 4294 407 4358 Fron..
433 4298 476 4350 cui
503 4314 552 4350 aaa
577 4297 653 4350 addit
680 4300 825 4363 Richerus‚
855 4301 916 4352 aliis
944 4315 1013 4367 quae
1042 4299 1088 4352 ille
1117 4299 1197 4350 refert
1223 4293 1417 4366 praetermissis.

315 4367 343 4432 6)
363 4367 441 4419 Haec
460 4385 565 4437 quoque
584 4370 762 4426 Flodoardus.
