2936 5010
279 389 434 442 RICHERI
453 389 705 442 HISTORIARUM
723 389 836 442 LIBER
855 389 907 443 111.
1131 391 1164 441 91

50 557 205 622 -cumdst¹.
258 557 332 623 Rex
362 577 439 622 vero
472 577 546 620 cum
578 563 679 622 matrs
712 565 822 642 erepto
851 565 956 622 castro
985 541 1224 626 exercitum'asa.

53 641 177 707 inducit.
236 639 322 708 Oum
357 661 434 726 crgo
470 638 592 728 duplici
626 640 770 706 exercitu
804 641 949 706 tirannus
984 652 1223 728 ungarorum.

51 725 132 809 cedit
158 734 191 791 et
216 725 258 791 ab
287 747 363 872 repe
389 723 624 810 indulgentiam
650 725 740 811 petit.
794 723 1000 812 Coactusquc
1033 725 1161 793 obsides

53 819 80 874 ct
99 817 299 874 sacramenta
343 817 384 872 at.
434 807 480 873 Et
496 809 640 955 ‘insuper
669 807 781 894 oppidi
808 808 1028 895 proditorem¹
1055 811 1161 876 victus

52 893 151 958 tradit.
195 893 263 974 Qui
294 913 381 974 mox,
413 890 539 978 prolata
570 915 590 956 a
640 913 716 978 rege
745 893 910 976 sententie,
942 903 1015 958 ante
1049 893 1161 980 oppidi

52 987 170 1061 portam
193 997 300 1042 coram
322 986 413 1062 patre
432 973 616 1042 decollatur.

129 1077 179 1143 13.
213 1077 327 1142 'Rex‘
347 1097 425 1141 vero
447 1077 568 1164 oppido
590 1077 712 1164 potitus
742 1101 817 1142 cum
838 1088 939 1146 matre
967 1079 1227 1152 Laudunum‘tol.
1244 1096 1279 1140 ³³.

51 1161 136 1227 redit.
180 1159 256 1225 Huc
277 1183 319 1225 ex
341 1159 476 1226 diversis
497 1184 532 1226 re
558 1160 683 1226 'onibus
709 1162 751 1227 ad
772 1185 807 1228 re
850 1186 882 1227 m
926 1165 1007 1229 rinci
1033 1187 1066 1230 es
1088 1185 1224 1236 con-ool.

3 1303 5 1306 .
50 1244 155 1310 fluunt.
199 1243 329 1310 Adsunt
360 1267 488 1332 quoque
542 1246 610 1310 ucis
640 1243 781 1311 defuncti
845 1249 868 1311 ii
896 1185 970 1331 duo,
1037 1271 1100 1335 ugo
1130 1259 1162 1315 et

52 1328 151 1408 ortos,
190 1331 248 1415 qui
266 1329 380 1427 ‘etiam
414 1331 486 1477 rapi
516 1328 644 1394 fidelem
675 1328 822 1394 militiam
841 1354 913 1432 ‘per
939 1330 1161 1432 iusiurandum

47 1433 152 1477 coram
188 1411 337 1476 omnibus
373 1435 455 1498 spon
478 1423 541 1480 ent.
595 1413 741 1494 Quorum
775 1414 967 1500 benngnrtatr
1002 1439 1061 1481 rex
1096 1439 1161 1482 non

50 1494 466 1646 pffiepffl
492 1496 938 1648 {imbibitis
973 1509 1161 1651 Piiapiiii

3 1695 4 1740 3
48 1664 157 1748 adicit3
182 1663 336 1730 Ottonsm
356 1604 434 1730 verb
457 1664 647 1751 Burgundio
669 1664 776 1730 donat.
965 1607 987 1671 P
1069 1607 1092 1671 p

3 1809 4 1814 κ
128 1769 177 1832 14.
210 1767 250 1831 In
298 1789 340 1831 ua
366 1789 473 1832 rerum
500 1765 723 1832 distributione
751 1787 826 1831 cum
853 1768 990 1834 domnus
1011 1793 1050 1836 ac
1071 1793 1160 1836 reve·

3 1863 4 1888 ³
51 1849 159 1915 rendus
186 1789 340 1916 Artoldus
367 1850 632 1937 metropolitanus
654 1850 827 1916 admodum
848 1853 882 1916 in
911 1853 962 1919 die
983 1853 1161 1921 laborasset

50 1943 78 1997 et
101 1956 157 2019 pre
187 1932 285 2000 salisb
312 1935 438 2000 fervore
470 1944 536 2000 toto
569 1957 703 2020 corpore
736 1934 897 2020 sudasset,
931 1959 1004 2002 cum
1036 1949 1159 2004 vestem

3 2071 5 2108 p
47 2016 194 2098 abiceret,
214 2041 275 2106 per
295 2039 391 2118 poros
413 2018 516 2084 calore
538 2029 666 2106 apertos
680 2018 783 2104 frigus
797 2023 1001 2088 autumnalec
1020 2025 1158 2108 irrepsit.

3 2113 4 2164 J
49 2098 191 2188 Nataque
212 2103 275 2166 eu‘l
295 2113 420 2169 mternc
442 2103 481 2168 iri
506 2102 582 2168 dore
605 2104 706 2190 epatis
727 2103 850 2180 morbo,
871 2106 978 2170 nimiis
996 2106 1158 2172 doloribus

49 2184 215 2267 confectus,
244 2185 348 2272 pridie
369 2186 442 2253 Kal.
473 2126 662 2270 decusa
691 2209 748 2251 suo
777 2187 941 2273 presulatu
969 2201 1076 2254 anno⁰
1105 2190 1158 2271 20,
1169 2209 1226 2252 nov.
1243 2209 1280 2251 so.

47 2267 127 2334 diem
148 2269 236 2335 vitae
256 2268 371 2335 clausit
391 2280 579 2337 extremum.

122 2370 177 2436 15.
215 2370 315 2436 Cuius
352 2374 491 2457 peractis
526 2373 703 2460 exsequiis,
740 2371 838 2458 Hugo
873 2373 1054 2458 nuperrime
1091 2373 1159 2438 dux
1169 2391 1220 2432 osa.

3 2461 4 2480 ³
50 2451 241 2520 Francorum
263 2453 304 2518 ab
325 2477 402 2554 rege
423 2455 536 2538 factus,
563 2478 672 2541 regem
693 2453 880 2542 suppliciter
901 2457 977 2538 adit,
1002 2457 1158 2544 petitque,

3 2545 5 2596 t
49 2538 261 2684 pontificalem
282 2537 472 2625 dignitatem
493 2540 544 2604 ei⁵
564 2541 698 2622 restitui,
721 2561 758 2605 eo
781 2539 867 2625 quod
881 2541 950 2627 ipse
965 2553 1039 2606 ante
1053 2539 1159 2606 Artol-

68 2644 119 2685 um
139 2624 246 2708 ipsam
268 2623 403 2708 adeptus
424 2623 529 2706 fuerit,
552 2633 584 2688 et
605 2645 669 2688 non
690 2645 748 2688 suo
769 2623 921 2706 facinore,
950 2623 1008 2690 sed
1028 2624 1159 2690 Rcdulfi

3 2709 4 2786 3
50 2707 125 2790 regis
139 2706 264 2770 invidia
277 2705 448 2772 Artoldum
463 2710 493 2772 ei
507 2706 737 2794 superductum
752 2709 934 2774 memorati.
963 2710 1160 2776 Persistcbat
1235 2733 1238 2738 ’

3 2809 4 2866 3
47 2788 165 2877 itaque,
198 2798 235 2854 ut
265 2790 461 2856 redderetur.
514 2791 559 2856 Et
587 2793 694 2856 statim
726 2789 878 2856 decreto&
909 2794 999 2879 regio
1028 2793 1160 2860 sinodus

3 2885 5 2908 *
50 2875 270 2961 episcoporum
290 2883 364 2961 post
385 2873 453 2940 dies
474 2875 517 2940 40
537 2873 686 2940 habenda
706 2874 867 2943 indicitur.

128 2978 180 3042 16.
210 2973 291 3042 Oolli
317 2977 379 3040 'tur
393 2997 469 3064 ergo
485 2977 712 3041 consummatis
727 2975 841 3043 dicbus
855 2979 888 3042 in
902 2999 989 3064 pago
1003 2979 1161 3044 Meldensi

50 3079 135 3125 secus
149 3059 284 3124 fluvium
334 3069 489 3144 atronam,
504 3061 538 3124 in
552 3062 624 3125 vico
640 3061 717 3146 q'uill
732 3070 885 3126 vocatur.
899 3111 906 3126 .
920 3109 938 3144 .,
954 3085 996 3128 ex
1009 3063 1161 3129 Remensi
1175 3137 1178 3144 Ι

3 3169 4 3172 “
50 3161 84 3205 ao
109 3144 288 3210 Senonensi
314 3146 489 3230 provinciis
521 3144 651 3210 sinodus
682 3145 721 3209 13
754 3145 979 3232 episcoporum
991 3195 999 3228 ,
1032 3147 1160 3233 preside

3 3243 4 3246 ’
52 3223 230 3292 Senonense
250 3228 412 3314 pontifice.
454 3229 542 3294 Inter
570 3250 650 3315 quos
679 3228 776 3294 etiam
803 3227 942 3294 fautores
970 3229 1071 3317 aliqui
1099 3251 1160 3316 pro

50 3321 133 3392 parte
166 3311 316 3398 Hugonis
347 3312 550 3394 videbantur,
582 3323 615 3378 et
643 3313 784 3376 maxime
816 3309 862 3375 illi
894 3315 950 3398 qui
982 3313 1055 3377 duci
1085 3334 1159 3378 con-

50 3395 243 3477 suescebant,
269 3395 430 3481 osporci-⁰
451 3395 689 3462 Aurelianensis
712 3405 744 3461 et
764 3395 956 3479 Parisiacus,
984 3395 1159 3463 silletensis

70 3499 183 3565 uoque.
215 3478 322 3566 Atque
344 3479 377 3543 hi
398 3478 527 3566 publice
550 3479 781 3545 consultabant
816 3479 1038 3546 Renitentibus
1052 3490 1160 3546 autmn

50 3497 203 3628 lloricone
237 3562 444 3628 Lauduncnsi
472 3569 504 3630 et
540 3562 705 3630 Gibuinok
733 3562 954 3630 Oatalaunico¹
987 3564 1159 3650 episcopis,

103 3707 127 3761 ι)
142 3709 195 3748 hacc
206 3708 291 3759 panim
307 3713 326 3748 ct
337 3717 394 3759 pars
408 3708 515 3758 nequeam
529 3709 553 3748 ia
568 3718 651 3748 rasura
665 3708 766 3759 scriptae.
836 3707 860 3760 b)
883 3709 977 3750 aestatis
994 3710 1014 3749 1.
1081 3707 1101 3761 c)
1122 3708 1161 3750 irl-

50 3767 107 3812 roris
123 3769 143 3810 1.
203 3765 227 3818 d)
244 3777 273 3807 ex
288 3768 304 3809 i.
320 3768 337 3810 t.
354 3777 391 3816 ep.
406 3767 431 3807 s'a
445 3779 514 3817 mara.
566 3765 589 3818 e)
606 3769 661 3808 anfi.
677 3778 697 3807 c.
749 3766 928 3819 omemcrsbat
944 3771 964 3810 1.
1017 3766 1041 3821 ε)
1057 3769 1122 3809 iussu
1139 3771 1159 3810 1.

51 3821 71 3873 h)
94 3828 131 3866 cul
153 3826 292 3866 vocabalum
316 3828 337 3866 1.
367 3824 467 3876 sparsum
489 3826 574 3866 acutat
595 3826 673 3866 omisso
695 3836 742 3866 aaa
764 3832 837 3868 occat.
897 3825 914 3878 i)
941 3831 966 3868 ut
988 3829 1008 3868 1.
1068 3826 1093 3880 k)
1111 3827 1160 3869 Gu-

51 3881 117 3925 bulno
132 3885 171 3924 hoc
186 3885 232 3924 loco
248 3895 264 3924 c.
325 3882 343 3936 Ι)
358 3885 478 3925 talsunlco
492 3896 552 3925 corr.
566 3884 641 3927 catal.

120 4003 149 4071 1)
167 4005 246 4056 Haec
264 4003 343 4056 Flod.
362 4020 388 4057 a.
401 4005 464 4068 969,
482 4003 587 4072 reliqua
605 4021 631 4056 a.
644 4004 707 4057 960.
773 4005 801 4070 2)
815 4004 936 4059 Odelrici
950 4007 1052 4057 comitis
1075 4003 1160 4056 filium

50 4076 147 4128 indicet
158 4077 238 4130 Flod.
313 4075 342 4144 3)
362 4079 440 4130 Haec
453 4094 470 4128 a
481 4077 636 4131 Flodosrdo
649 4093 710 4129 mcx
722 4084 784 4145 post
795 4079 919 4130 Divionis
933 4079 1159 4144 expugnationem

50 4157 186 4213 ponuntur.
253 4149 281 4214 4)
301 4150 345 4202 Its
362 4152 443 4202 etism
458 4150 538 4204 Flod.
612 4149 641 4217 b)
661 4152 742 4202 Error
760 4152 890 4215 auctoris3
910 4152 1000 4216 Hugo,
1020 4151 1158 4202 Heriberti

49 4219 125 4288 lilius,
147 4224 408 4295 archiepiscopatum
427 4226 587 4277 lismensem
611 4225 760 4287 invaserat3
787 4229 814 4274 st
838 4230 911 4275 recto
937 4222 1006 4273 infra
1031 4239 1091 4292 cap.
1113 4224 1157 4276 1⁷.

51 4293 188 4349 norbertus
206 4297 289 4348 irater
308 4298 365 4348 eius
383 4305 504 4349 vocatur.
542 4298 667 4350 Ceterum
686 4295 867 4348 Flcdoardurn
886 4297 1016 4363 sequitur.
1079 4294 1108 4363 6)
1121 4297 1160 4347 Hi

51 4369 229 4422 uFlodoardo
248 4385 300 4421 non
316 4372 493 4423 nominantur.
