2938 5016
315 409 350 459 so
577 387 731 458 monnau
748 404 1000 459 ursrommuu
1019 404 1132 457 traua
1149 405 1186 458 ιι.

255 591 305 634 uo.
314 573 539 662 polliciturum.
595 573 739 655 Quorum
770 571 961 659 legationem
993 595 1051 639 rex
1084 571 1184 638 multa
1214 571 1410 639 benivolentia
1465 561 1466 588 l

315 658 491 757 excipiens,
517 655 551 721 in
573 679 627 808 pi
666 679 698 722 m
727 654 978 722 Ambianensern
1009 655 1072 722 sibi
1099 656 1326 722 occurrendum
1349 677 1409 720 oon-

316 743 427 824 stiturt,
449 763 487 806 eo
531 761 572 806 uo
650 739 864 828 ispeoialiter
884 739 975 806 utilia
1019 739 1155 806 uaedam
1169 738 1310 827 perillus
1324 739 1410 806 deter-

315 825 489 892 minanda·
509 763 629 891 lorent
681 823 812 910 Legatis
844 825 951 912 itaque
980 761 1137 907 abductis,
1166 848 1226 890 rex
1252 823 1293 890 ad
1319 823 1411 890 locum

316 909 499 976 condictum
521 920 665 996 ternpore
686 917 803 974 statuto
824 907 961 974 devenit
995 907 1057 976 Oui
1071 909 1168 974 etiam
1182 909 1251 974 dux
1266 907 1411 1000 predictus

316 995 429 1060 obvius
459 993 556 1060 venit.
609 991 840 1080 Exceptusque
866 1015 886 1058 a
917 1014 993 1079 rege
1027 993 1185 1076 decenter,
1216 993 1411 1092 provinciam,

337 1100 412 1144 uam
433 1077 463 1144 ei
483 1085 575 1163 pater
591 1074 730 1142 Karolus
751 1099 809 1142 rex
831 1075 1037 1159 contulerat1,
1058 1075 1100 1142 ab
1122 1098 1160 1142 eo
1183 1087 1280 1142 etiarn
1294 1076 1411 1162 accepit

315 1100 409 1230 buda
431 1171 463 1228 et
483 1161 568 1247 regis
587 1158 710 1259 factrrs,
722 1169 811 1226 tanto
831 1161 861 1226 ei
882 1182 1042 1227 consensu
1061 1159 1208 1262 alligatam
1228 1171 1286 1242 est,
1307 1170 1341 1226 ut
1360 1161 1412 1256 iam

314 1247 442 1332 iamque
464 1253 519 1310 aut
541 1255 820 1311 rasomonorum
840 1255 896 1312 aut
922 1245 991 1332 regi
1012 1245 1139 1332 imperii
1161 1266 1319 1310 summam
1340 1253 1414 1310 restr-
1462 1250 1463 1301 ἐ

314 1338 457 1401 tuturum
478 1335 681 1416 proponeret

200 1470 239 1526 ’a
256 1473 306 1518 ser.
394 1451 463 1516 *21.
496 1447 649 1516 Artoldus
670 1447 928 1536 archiepiscopus
951 1449 1138 1516 Oeusostem
1161 1449 1366 1514 munitionem
1462 1471 1463 1474 ¹

704 1543 871 1620 expugnat
892 1542 924 1598 et
945 1535 1043 1620 capit.

399 1635 569 1722 Huiusque
593 1631 645 1700 'rei
671 1636 799 1721 negotio
826 1633 945 1700 utiliter
973 1645 1113 1724 peracto,
1142 1657 1201 1701 rex
1229 1635 1263 1700 in
1285 1635 1414 1721 Burgun-

317 1719 403 1784 diam
426 1720 586 1784 secessit¹.
628 1719 666 1784 In
693 1721 783 1784 cuius
809 1720 955 1785 absentia
976 1719 1128 1786 Artoldus
1157 1727 1258 1785 metro
1284 1718 1415 1798 olitaunq

316 1825 357 1868 ne
372 1825 447 1868 suae
461 1805 509 1868 rei
528 1813 693 1889 putaretur
706 1805 826 1890 inopia,
848 1804 969 1891 absque
990 1805 1108 1890 regiisb
1124 1803 1226 1890 copiis
1269 1811 1415 1868 ausosten

315 1887 524 1952 munitionem
545 1887 670 1974 appetit
690 1887 783 1974 cique
805 1886 1004 1953 obsidionem
1026 1888 1275 1974 circumquaque
1290 1885 1415 1952 adhibet.
1461 1943 1462 1946 ,

318 1971 424 2053 Quam
447 1971 597 2036 continua
618 1993 683 2058 opp
751 1973 879 2037 atione⁰
900 1973 1077 2058 exagitans,
1100 1973 1211 2058 quinto
1225 1969 1353 2036 tandem
1372 1967 1416 2032 die
1460 2023 1461 2026 ,

316 2054 494 2208 mittit
513 2055 937 2227 ‘'tzittaslttlttt
950 2056 1080 2204 till
1094 2077 1175 2206 ⁸13¹?
1166 2055 1416 2204 lt‘ttltt·
1460 2066 1466 2136 Ὗ

316 2161 504 2312 Praddempnes
526 2187 614 2290 abird
624 2223 789 2374 permisit.
833 2221 1000 2312 Oppidum
1021 2162 1117 2290 etialn
1142 2221 1286 2288 funditus
1307 2184 1418 2288 subruil

316 2310 425 2396 sicque
447 2307 487 2373 ad
510 2331 567 2374 sua
587 2309 654 2374 re'
1459 2329 1460 2334 ¹

390 2428 440 2493 22.
472 2427 662 2494 Heribertus
685 2437 717 2494 et
738 2427 835 2514 Hugo
857 2427 975 2493 Remos
998 2426 1145 2494 obsident
1165 2435 1197 2492 et
1218 2428 1349 2514 capiunt
1457 2500 1460 2511 ,

686 2511 910 2599 presulemque
931 2509 1062 2598 pellunt.
1459 2520 1460 2524 ’

398 2611 588 2678 Heribertus
617 2611 793 2677 malorum⁰
824 2614 1024 2680 occasionem
1050 2622 1172 2696 nactus,
1200 2614 1267 2678 acsi
1297 2634 1416 2679 suomm
1459 2613 1460 2670 ἐ

316 2717 335 2760 o
359 2694 471 2782 pidum
499 2694 640 2762 dirutum
668 2695 789 2780 dolens,
817 2697 906 2784 apud
935 2697 1108 2784 Hugonem
1136 2695 1260 2781 ducem,
1294 2696 1417 2785 qualiter
1460 2703 1461 2707 ’

364 2800 432 2844 mos
453 2779 585 2845 invadat
610 2789 706 2866 atque
734 2781 923 2868 episcopum
951 2789 1125 2868 expungat,
1152 2780 1418 2848 vehementissime
1459 2807 1460 2862 ,

315 2863 391 2948 agit.
435 2861 496 2928 Oui
518 2885 596 2928 mox
617 2864 746 2951 Hugof,
768 2875 878 2952 utpote
901 2865 1026 2930 tiranno
1040 2865 1194 2948 tirannus,
1217 2866 1417 2944 consentiens,
1459 2913 1460 2918 η

315 2969 384 3013 sese
405 2945 631 3012 auxiliaturum
652 2947 828 3034 pollicetur.
872 2947 1012 3014 Collecto
1038 2949 1083 3014 ita
1106 2971 1147 3014 ue
1168 2950 1307 3036 agmine,
1332 2945 1419 3014 ambo
1459 2951 1460 2992 ἕ

313 3031 348 3094 in
369 3030 482 3096 urbem
503 3030 656 3116 feruntur,
685 3031 786 3098 multa
814 3053 886 3098 earn
916 3033 1037 3098 circum
1067 2971 1235 3099 obsidione
1263 3033 1418 3098 vadantes.
1459 3047 1460 3128 J

313 3113 438 3181 Urbani
458 3113 628 3181 Heriberto
650 3115 802 3200 faventes,
824 3138 862 3182 eo
892 3116 978 3203 quod
1004 3118 1092 3202 regio
1120 3118 1211 3182 iussu
1237 3118 1305 3183 eius
1327 3115 1417 3181 filium

313 3209 387 3266 ante
408 3196 578 3264 Artoldum
600 3198 799 3287 delegissent,
827 3197 911 3266 bello
938 3200 1057 3267 cedunt
1084 3200 1308 3352 presidemque
1334 3199 1417 3266 relin-

314 3290 416 3370 quunt
435 3292 532 3370 atque
553 3283 595 3350 ad
616 3307 693 3351 suae
707 3307 831 3372 poenae
851 3282 1015 3349 cumulum
1038 3283 1250 3352 desertoresa
1286 3286 1418 3351 tirannos
1464 3307 1465 3370 j

313 3376 487 3434 transeunt.
522 3367 653 3455 Apertis
675 3391 751 3434 vero
772 3369 873 3454 portis
896 3379 988 3435 sexta
1009 3368 1182 3434 obsidionis
1204 3368 1267 3453 die,
1288 3369 1419 3436 tirannos

313 3451 348 3516 in
368 3452 448 3518 urbe
479 3452 552 3517 cxci
576 3454 654 3518 iunt.
705 3451 857 3519 Artoldus
914 3451 1011 3535 ulsus,
1040 3449 1082 3516 ad
1110 3452 1299 3520 coenobium
1328 3450 1419 3518 saneti

314 3534 452 3631 Remigii
482 3475 710 3634 prodaiscitur,
738 3557 838 3630 ,suam
873 3475 919 3601 ill
951 3535 1024 3602 Deo
1054 3537 1254 3624 conspectori
1286 3537 1419 3602 omnium

315 3638 544 3706 querimoniam
564 3618 710 3685 fundens
753 3621 840 3687 Ubii
861 3642 938 3685 mox
959 3621 1185 3708 episcoporum
1206 3619 1369 3708 aliquibus
1388 3637 1419 3683 ac

314 3697 506 3850 qqibusdam
529 3704 732 3800 magnatibus
754 3706 898 3790 stipatus,
924 3703 1109 3790 rogabatur,
1138 3715 1174 3770 ut
1194 3701 1419 3771 Avenniacensi
1452 3719 1464 3774 t

356 3782 462 3852 batim
485 3783 657 3873 Sanctrque
678 3787 786 3854 Basoli
807 3787 926 3854 rebush
948 3797 1126 3871 contentus,
1148 3789 1305 3876 episcopii
1326 3786 1420 3876 digni

313 3875 378 3934 tate
399 3889 469 3934 sese
481 3865 655 3938 abdicaret
687 3870 795 3959 Atque
808 3872 916 3940 multis
931 3873 1090 3938 minarum
1104 3873 1280 3940 terroribus
1295 3872 1420 3938 affectus

315 3952 484 4100 consentit,
495 3952 617 4020 iuratus
631 3955 736 4039 etiem,
751 3967 787 4023 ut
799 3956 910 4040 fertur,
924 3957 1103 4043 repudium.
1142 3956 1186 4022 Et
1199 3955 1330 4022 tandem
1346 3953 1421 4021 cani-

313 4034 374 4102 bus
389 4036 466 4101 satis
478 4037 595 4122 aciens,
617 4037 658 4104 ad
672 4038 827 4106 Sanctum
840 4039 992 4105 Basolum
1007 4039 1053 4106 ibi
1068 4051 1250 4106 moraturus
1264 4039 1421 4107 abscessit.
1463 4123 1464 4130 ἵ

647 2309 690 2372 ri.

372 4160 395 4214 a)
412 4163 601 4205 determinandae
616 4175 633 4205 o.
670 4163 694 4216 b)
710 4170 771 4216 reeta
789 4169 808 4208 1.
845 4166 866 4220 o)
882 4169 1056 4219 expugnatione
1072 4169 1093 4210 1.
1124 4165 1149 4220 d)
1165 4166 1227 4210 rubr.
1245 4171 1266 4209 1.
1296 4165 1319 4219 e)
1336 4167 1391 4208 rnsll
1405 4165 1421 4203 1.

313 4217 430 4272 qaas
489 4220 611 4274 eoum.
671 4222 825 4276 inemo.

313 4383 343 4454 8)
362 4315 525 4455 Δξὲῃῖξῖὴα
538 4323 600 4371 sunt
611 4319 757 4373 Flodosrdi
770 4321 832 4374 940.
894 4321 923 4392 2)
942 4323 1020 4375 Haec
1033 4322 1173 4388 Richerus,
1185 4321 1291 4392 relique
1304 4337 1339 4374 ex
1352 4317 1422 4376 rud.
1459 4361 1461 4435 ,
