2938 5016
311 371 345 422 ta
569 369 721 422 monum
741 369 994 423 HISTORIARUM
1013 369 1125 421 LIBER
1144 371 1181 422 ll.

246 556 298 600 ast.
311 537 481 604 Treuerico
517 550 608 601 cum¹
637 535 772 603 Artoldo
808 538 967 620 Remensi,
1003 535 1257 602 considentibus·
1309 559 1404 625 noque

312 619 515 687 Adalberone
545 622 704 703 Mettensi,
735 620 890 686 (iauslino
919 619 1071 703 Tullensi,
1099 620 1286 686 Hildeboldo
1338 623 1403 686 'me-

312 703 555 791 gardvurdenst
570 704 710 770 Israhele
725 705 913 790 Brittigena‚
928 707 1150 771 assistentibus
1165 707 1260 771 etiam
1273 706 1405 770 Brunone

312 791 383 854 viro
404 787 578 854 reverendo
606 797 638 854 et
664 789 781 855 abbate
810 811 883 853 cum
905 787 976 853 aliis
998 788 1167 854 abbatibus
1189 799 1222 854 et
1241 789 1405 854 monacbis²

312 872 502 938 venerandis
524 871 692 971 Agenoldo
719 883 751 938 et
773 871 918 938 Odilone.
969 872 1022 937 Ad
1048 873 1131 937 hanc
1157 875 1303 939 sinodum
1321 874 1406 958 Hugo

312 966 456 1040 vocatus,
477 957 582 1022 missis
597 957 640 1022 ad
662 977 735 1022 eum
756 955 979 1022 deducendum
1003 955 1204 1022 Adalberone
1227 967 1259 1022 et
1272 956 1406 1022 Gausino

313 1041 421 1188 Asepiisclo
446 1041 483 1124 is,
512 1041 621 1106 venire
649 1039 760 1188 noluiit.
815 1040 910 1139 llnde
925 1051 971 1140 'et
998 1041 1408 1190 epigi⁰p⁰mmffii1⁹m⁹⁰fiab

313 1134 1014 1291 adimi„iii⁰liaiiliit,¹bit'lillhlb
1035 1147 1169 1274 alique
1198 1149 1220 1190 ¹¹
1277 1147 1408 1190 ..aa

601 1336 652 1400 67.
686 1334 823 1400 Sinodus
844 1336 1000 1400 Mosomic
1022 1337 1139 1402 habita.

252 1494 294 1537 94⁸
397 1437 649 1502 Indicitur'vero
672 1437 820 1504 habenda
841 1437 889 1502 ld.
904 1439 1030 1502 Ianuar.
1062 1439 1106 1504 Et
1126 1437 1253 1503 evoluto
1275 1448 1412 1524 tempore,

297 1521 348 1586 'in
368 1520 501 1587 basilica
522 1523 624 1586 sancti
642 1523 751 1586 Petritl
772 1543 791 1584 a
815 1522 859 1586 ud
881 1521 1081 1588 Mosomense
1104 1532 1242 1586 castrum
1268 1520 1412 1586 secunda0

315 1605 467 1670 sinodus⁶
489 1605 599 1670 habita
621 1615 677 1688 est,
705 1545 886 1705 presidente
909 1618 1055 1693 quoque⁰
1085 1606 1227 1692 predicto
1250 1605 1414 1691 metropoli·

314 1699 389 1753 tuno
411 1689 564 1754 Rotbertc
586 1689 759 1755 Treuerico
782 1712 855 1753 cum
877 1690 960 1755 feree
984 1691 1130 1755 omnibus
1157 1712 1233 1754 suae
1266 1690 1415 1754 dioceseos

315 1773 474 1859 episcopis
497 1794 535 1836 ac
557 1771 715 1859 aliquibus
737 1775 919 1854 Remensis3
949 1773 1139 1839 consedente
1168 1776 1264 1839 etiam
1286 1772 1415 1854 Artoldo,

315 1857 406 1920 cuius
428 1877 526 1920 causa
547 1855 746 1922 discutienda
768 1867 844 1922 erat.
889 1857 957 1922 Nel
978 1857 1080 1922 abfuit
1100 1858 1156 1922 Hu
1179 1880 1214 1941 o;
1237 1868 1270 1923 at
1284 1857 1415 1922 sinodum

314 1940 439 2026 ingredi
474 1938 583 2004 noluit.
627 1941 806 2028 Epistulam
837 1955 934 2006 vero⁰
972 1942 1121 2006 nomine⁰
1156 1881 1291 2028 {gapiti
1324 1962 1415 2028 papae
1464 1979 1465 1986 .

315 2025 341 2089 si
388 2033 473 2089 atam
519 2046 553 2088 er
575 2037 672 2088 suosss
702 2025 814 2090 sinodo
843 2025 1012 2112 legendam
1038 2027 1192 2112 porrexit.
1243 2027 1333 2107 Quae
1352 2047 1416 2088 cum

314 2130 349 2173 so
362 2117 417 2173 uta
438 2119 470 2174 et
489 2045 573 2173 licta
593 2117 685 2192 esset,
707 2108 787 2172 nihil
809 2111 978 2174 canonicae
998 2111 1195 2174 auctoritatis
1209 2109 1326 2176 habere
1339 2109 1415 2173 vide·

313 2191 418 2274 batur,
440 2191 519 2257 nihil
539 2193 635 2257 etiam
656 2215 714 2279 pro
738 2195 806 2258 eius
828 2215 927 2258 carisa
949 2194 1138 2280 significare,
1165 2195 1228 2258 nisi
1248 2205 1284 2260 ut
1310 2195 1338 2259 ei
1357 2215 1373 2256 e
1395 2194 1415 2254 i-

192 2278 484 2364 ·f01.2s.scopiumh
505 2276 700 2342 redderetur.
739 2278 832 2358 *Qua
852 2277 999 2363 perlecta,
1023 2300 1096 2342 cum
1119 2280 1263 2365 episcopi
1286 2217 1415 2343 consulto

313 2385 384 2427 sese
415 2359 629 2444 contulissent,
663 2361 851 2426 cassandam
886 2373 1087 2445 censuerunt,
1119 2384 1156 2426 eo
1189 2361 1277 2461 quod
1308 2362 1415 2446 absque
1460 2393 1465 2444 3

312 2448 435 2511 ratione
464 2467 532 2509 rem
563 2467 645 2531 quae
672 2447 706 2508 in
732 2444 786 2510 lite
816 2455 884 2511 erat
909 2445 1056 2511 abdicato
1086 2445 1177 2510 reddi
1202 2446 1341 2513 rubebat.
1382 2445 1417 2508 Et
1464 2459 1465 2466 ’

314 2530 391 2614 quia
429 2527 501 2592 aulo
524 2539 597 2592 ante
618 2529 659 2593 ab
682 2530 753 2614 ipso
775 2551 862 2616 papa
876 2529 1017 2616 Agapito
1040 2529 1186 2615 delegata
1206 2539 1275 2594 erat
1295 2527 1416 2616 epistola

313 2635 372 2698 per
392 2551 600 2676 diedericum
615 2611 839 2698 Maguntinum
861 2614 1049 2712 episcopum
1071 2623 1166 2700 atque
1185 2613 1260 2678 data
1274 2613 1415 2678 Rotbeito

312 2694 558 2781 metropolitano
586 2694 756 2761 Treuerico
787 2718 895 2761 coram
922 2697 1052 2783 regibus
1080 2720 1119 2762 ac
1142 2696 1266 2762 Galliae
1296 2710 1327 2763 et
1349 2697 1416 2762 Ger·

313 2779 438 2844 maniae
461 2779 632 2866 episcopis,
663 2802 744 2866 quae
773 2789 840 2845 erat
868 2783 1032 2846 continens
1062 2784 1282 2847 auctoritatem
1303 2790 1417 2868 aposto·

312 2862 392 2928 licae
425 2863 589 2945 iussionis,
619 2873 806 2950 partemque
835 2874 1061 2952 preceptorum
1090 2867 1157 2931 eius
1187 2867 1253 2930 iam
1286 2864 1416 2932 exsecuti
1461 2902 1465 2930 ι

311 2946 447 3028 fuerant,
483 2949 644 3011 communi
679 2969 757 3012 mox
790 2969 946 3014 consensu
982 2948 1145 3015 decretum
1181 2959 1238 3032 est,
1274 2960 1310 3014 ut
1343 2945 1417 3036 quod
1464 2953 1465 2983 ³

311 3028 499 3116 regulariter
526 3039 675 3131 coeptum
705 3041 781 3113 erat,
810 3032 1040 3107 rationabiliter
1067 3043 1163 3134 atque
1185 3035 1337 3098 canonice
1356 3053 1418 3119 per·
1461 3050 1463 3110 j

312 3123 510 3181 tractaretur.
555 3115 722 3201 S1mulque
745 3125 777 3181 et
797 3139 875 3181 mox
901 3139 921 3181 a
948 3117 1190 3204 metropobtano
1218 3119 1342 3182 iussum
1369 3123 1416 3193 est,
1464 3131 1465 3134 ’

311 3207 348 3263 ut
368 3200 554 3264 recitaretur
575 3208 672 3285 caput
697 3201 744 3264 19.
768 3200 895 3266 concilii
918 3200 1166 3286 Cartaginensis,
1196 3201 1284 3287 quod
1306 3207 1417 3267 constat

312 3281 353 3348 de
384 3294 533 3348 accusato
566 3293 598 3348 et
630 3292 825 3348 accusatore.
878 3284 922 3350 Et
946 3287 1089 3368 recitato,
1124 3286 1301 3350 secundum
1328 3286 1417 3373 ipsius

238 3395 241 3400 ·
312 3388 349 3432 ca
373 3367 444 3432 ituli
473 3369 661 3432 sententiam
689 3369 890 3451 constituere,
917 3379 962 3451 ut,
988 3370 1139 3434 Remensi
1160 3369 1348 3456 parroechia
1368 3367 1417 3431 Ar-

311 3389 398 3516 toldo
431 3453 586 3532 restituta,
617 3452 671 3537 qui
703 3450 820 3515 nullius
853 3453 957 3517 sinodi
989 3455 1129 3520 rationes
1158 3453 1269 3518 audire
1300 3452 1416 3536 refugit,
1464 3511 1465 3516 ,

311 3535 419 3620 Hugo,
442 3536 498 3620 qui
519 3535 562 3598 ad
583 3534 662 3598 duas
684 3537 749 3598 iam
765 3535 894 3601 sinodos
916 3538 1088 3602 accersitus
1102 3537 1212 3603 venire
1229 3547 1416 3623 contempse·

310 3627 370 3699 rat,
402 3630 439 3681 a⁰
468 3618 655 3682 Remensis⁰
684 3619 840 3705 episcopii
867 3643 901 3685 re
927 3621 1022 3686 ‘mine
1054 3621 1236 3704 abstineret,
1270 3621 1371 3687 donec
1389 3619 1416 3680 in

310 3701 436 3765 tertiam
459 3700 622 3766 sinodumi
637 3705 823 3788 purgandus
839 3705 879 3770 de
895 3726 913 3768 o
937 3706 1029 3770 iectis
1045 3705 1219 3772 adveniret.
1242 3703 1415 3792 Capitulum

308 3805 386 3850 vero
408 3805 505 3870 supra
527 3783 648 3850 dictum
674 3785 787 3851 litteris
815 3797 921 3853 cartae
948 3789 1135 3856 mandatum
1164 3799 1269 3856 estet
1297 3790 1340 3856 ab
1361 3786 1416 3872 epi·

310 3868 418 3954 scopis
451 3879 580 3935 cautum
612 3891 650 3933 ac
679 3870 783 3935 eidem
813 3872 945 3958 Hugoni
977 3875 1145 3940 directum.
1192 3873 1232 3937 In
1262 3895 1325 3961 quo
1354 3889 1415 3936 cum

368 4048 391 4104 a)
412 4049 592 4093 consistentibus
607 4050 636 4095 A.
653 4054 674 4094 1.
757 4050 782 4106 b)
798 4055 917 4094 sementia
931 4065 949 4095 o.
1026 4053 1047 4108 c)
1071 4056 1110 4096 Mo
1131 4054 1187 4095 abac.
1267 4053 1292 4108 d)
1309 4051 1387 4108 petetri
1400 4059 1415 4085 c·

309 4107 332 4163 a)
346 4114 396 4160 post
410 4111 460 4154 add.
529 4108 599 4162 oeta
614 4122 632 4153 c.
699 4109 723 4164 s)
745 4121 786 4162 par
801 4113 916 4162 quendam
933 4113 1043 4155 clericum
1059 4125 1126 4155 suurn
1142 4115 1163 4156 1.
1231 4112 1257 4167 h)
1280 4125 1301 4155 e.
1317 4127 1335 4159 r.
1351 4123 1384 4162 ep.
1399 4108 1415 4145 1.

308 4166 325 4220 t)
342 4179 403 4218 quae
418 4170 531 4211 Kalendis
546 4167 605 4218 Aug.
622 4169 730 4212 habenda
745 4170 893 4214 indlcabstur
908 4171 958 4214 odd.
977 4174 997 4214 1.

384 4282 411 4348 i)
426 4283 556 4336 Richerus
571 4283 719 4336 Flodoardi
734 4286 817 4337 verbe
829 4287 868 4337 ita
878 4287 998 4352 mutavit,
1009 4291 1039 4338 ut
1050 4286 1190 4339 artoldum
1204 4302 1312 4354 quoque
1325 4278 1415 4352 syu⁰d⁰

305 4353 477 4421 praesedisse
497 4355 578 4408 dicat.
654 4355 684 4424 2)
702 4359 821 4411 Abbates
839 4359 946 4410 fuerunt
965 4359 1118 4413 Goraisnsis
1139 4366 1166 4412 et
1185 4359 1361 4414 stabulensis.
1462 4433 1463 4443 ἵ
