2936 5010
263 371 415 424 RICHERI
433 372 687 427 HISTORIARUM
705 375 817 428 LIBER
835 378 904 430 1111.
1108 381 1158 433 161

13 614 15 616 ,
45 537 142 605 deret.
186 538 326 604 Vocatus
348 541 454 626 itaque
476 541 510 603 in
532 541 642 606 ordine
664 544 888 629 episcoporum
910 545 1061 612 consedit.
1095 545 1216 613 Ouissr.

4 666 11 702 ,
47 631 216 708 postquam
238 624 278 690 ab
301 624 461 709 episcopis
482 624 583 690 multa
606 624 693 691 illata
718 627 814 710 fuere,
845 626 962 714 quibus
989 629 1156 697 conclusus
1164 626 1215 668 ¹¹²⁰*
1233 627 1267 668 Π·

9 753 11 787 3
46 707 189 787 cessavit,
212 717 243 772 et
263 706 315 772 ille
337 719 372 773 ut
392 710 496 794 potuit
517 707 598 773 alia⁸
619 711 762 792 intendit,
791 711 853 776 alia
874 712 1024 798 reppulit,
1053 716 1156 780 victus

46 800 150 855 tamen
171 800 430 878 argumentorum
456 793 631 858 rationibus
658 793 825 860 succubuit
853 805 885 861 et
905 819 973 862 sese
1002 820 1093 863 reum
1118 821 1157 865 ac

46 875 222 940 sacerdotio
243 876 410 961 indignum
434 897 540 940 eoram
563 877 725 942 confessus
746 887 803 943 est.

267 1033 316 1096 70.
359 1033 545 1117 Ingressusl‘
566 1036 701 1119 regumb
723 1036 756 1097 in
777 1035 933 1100 sinodum.

28 1129 29 1138 ’
126 1133 223 1215 Quod
245 1155 317 1198 cum
338 1135 468 1220 regibus
490 1145 675 1221 suggestum
698 1146 753 1218 est,
783 1138 847 1222 ipsi
868 1160 941 1202 cum
967 1140 1155 1224 primatibus
1165 1157 1238 1202 (sere.
1249 1169 1268 1203 ο.
1279 1159 1315 1204 so.

5 1281 6 1288 ,
46 1240 133 1282 sacro
155 1219 378 1304 episcoporum
402 1221 571 1284 conventui
591 1242 659 1284 sese
681 1219 835 1304 inferunt3
856 1222 974 1307 gratias
996 1225 1103 1309 episco
1127 1225 1155 1288 is

4 1353 13 1371 „
46 1301 220 1384 reddentes,
242 1323 279 1366 eo
301 1303 386 1388 quod
413 1325 472 1388 pro
496 1325 528 1367 se
558 1312 589 1367 et
615 1302 715 1369 salute
744 1307 925 1392 principum
954 1306 1010 1370 diu
1039 1246 1125 1372 delil

17 1439 18 1444 ,
46 1394 174 1450 rassent.
217 1386 332 1452 Petunt
353 1399 500 1472 quoquec
521 1398 683 1472 gestorum
710 1390 823 1453 seriem
845 1389 906 1454 sibi
927 1388 1039 1472 evolvi,
1069 1392 1155 1456 etin

9 1467 17 1544 J
47 1491 105 1555 quo
128 1471 325 1535 constiterint
345 1470 506 1534 rationum
528 1471 599 1535 fine.
644 1471 736 1534 Tunc
765 1473 860 1537 etiam
889 1475 1031 1537 omnium
1051 1483 1154 1560 gesto-

46 1576 112 1616 rum
133 1554 231 1619 scries
256 1551 385 1639 regibus
414 1555 560 1641 exposita
587 1565 643 1620 est.
691 1555 768 1620 Post
793 1557 937 1620 auditum
966 1559 1154 1623 narrationis

46 1638 205 1720 ordinem,
237 1639 301 1702 iam
333 1646 396 1702 tem
421 1661 458 1701 us
490 1638 602 1703 adesse
634 1638 738 1704 iuditii
760 1639 897 1705 habendi
907 1642 931 1721 ⁰¹,
960 1651 1153 1707 asseverant.

4 1777 9 1782 ,,
46 1721 131 1785 Tunc
146 1723 291 1807 episcopi
306 1723 395 1785 Arnu
475 1731 542 1804 ,ut
555 1745 667 1807 regum
681 1722 815 1808 genibus
830 1723 1045 1809 provolvatur,
1068 1748 1182 1798 com-0.
1199 1756 1236 1801 ss.

21 1833 23 1836 ·
45 1815 177 1888 monent,
202 1816 325 1870 reatum
347 1827 474 1892 quoque
495 1829 588 1871 suum
610 1807 796 1872 confiteatur
816 1817 913 1894 atque
934 1831 993 1894 pro
1015 1811 1065 1874 sui
1086 1811 1154 1875 vita

6 1887 23 1896 ''
46 1899 74 1953 et
99 1889 314 1955 membrorum
339 1891 519 1975 integritate
548 1889 714 1976 supplicet.
761 1890 818 1956 Ille
847 1915 924 1957 mox
952 1893 1153 1958 dominorum

47 1972 177 2069 pedibus
204 1983 394 2060 prostratus,
424 1975 544 2039 crimen
570 1975 733 2040 confessus
762 1985 825 2054 est3
853 1985 884 2041 et
912 1977 1089 2043 sacerdotio
1118 2000 1152 2043 se

47 2056 207 2144 indignum
233 2079 392 2140 asserens,
421 2079 480 2144 pro
508 2058 575 2122 vita
603 2068 635 2123 et
663 2058 814 2125 membris
843 2061 980 2124 suffusus
1011 2059 1151 2125 lacrimis

67 2139 232 2207 ostulabat.
274 2140 369 2207 Unde
391 2151 423 2206 et
443 2143 624 2207 universam
646 2142 791 2207 sinodum
813 2143 846 2205 in
867 2141 1014 2208 lacrimas
1036 2146 1149 2230 coegit.

5 2233 6 2236 ’
46 2162 144 2310 lieges
165 2224 265 2290 multa
285 2226 403 2372 ppetate
424 2224 510 2309 flexi,
533 2226 633 2290 vitam
656 2235 687 2291 et
707 2226 920 2292 membrorum
936 2227 1150 2313 integritatem

7 2371 9 2373 ,
46 2307 213 2395 indulgent.
247 2309 292 2374 Su
338 2309 482 2374 custodia
504 2310 552 2373 sui
577 2310 698 2396 absque
720 2309 802 2374 ferro
825 2319 856 2375 et
876 2309 1011 2374 vinculis
1034 2308 1150 2374 haben-

4 2401 7 2407 ’
25 2471 26 2476 ¹
45 2391 116 2456 dum
138 2391 321 2459 decernunt.
352 2393 396 2457 Et
417 2416 436 2458 a
456 2403 540 2458 terra
562 2403 696 2476 erectus,
717 2395 936 2478 interrogatur,
959 2415 1001 2458 an
1022 2393 1150 2459 abdica-

25 2477 157 2540 tionem
186 2477 236 2541 sui
266 2498 422 2542 canonum
444 2478 631 2543 auctoritate
653 2477 868 2564 sollempniter
887 2477 964 2542 velit
985 2476 1148 2544 celebrari.

447 2633 496 2698 71.
539 2633 738 2698 Decretalee.

122 2733 217 2816 Quod
240 2756 312 2799 cum
333 2737 554 2822 episcoporum
581 2735 772 2801 ordinationi
799 2745 902 2801 totum
930 2738 1151 2821 committeret,

9 2875 16 2888 ,
47 2837 115 2881 mox
136 2818 298 2884 decretum
319 2829 376 2902 est,
405 2828 449 2902 ut,
471 2821 546 2906 quia
567 2842 600 2884 se
621 2820 789 2906 indignum
814 2820 991 2886 sacerdotio
1021 2821 1150 2886 confite·

48 2897 132 2967 batur
153 2901 319 2989 scelusque
346 2925 410 2968 non
437 2905 574 2989 tegebat,
604 2905 686 2969 siout
712 2904 865 2990 gradibus
891 2905 1051 2990 profectus
1079 2904 1148 2988 fuit,

10 3048 12 3050 ,
49 2982 86 3048 ia
104 2986 256 3071 gradibus
277 2987 317 3051 de
342 2998 497 3052 oneretur.
534 2986 654 3052 Suesus
676 3010 761 3074 ergo,
783 2988 913 3072 regibus
936 3010 1016 3088 quae
1038 2987 1078 3053 ab
1103 2990 1148 3054 eis

47 3079 206 3156 acceperat
226 3010 374 3154 reddidit,
396 3071 622 3137 sacerdotalesf
640 3093 716 3137 vero
738 3071 877 3135 infulas&
898 3074 1058 3170 eprscopis
1080 3073 1148 3137 sine

49 3173 127 3218 mora
147 3153 278 3220 laxavit.
309 3156 526 3242 Interrogatus
548 3158 654 3238 etiam,
677 3177 719 3220 an
739 3154 948 3220 abdicatioms
971 3165 1002 3220 et
1022 3155 1148 3241 repudii

48 3233 178 3302 libellum
191 3238 319 3323 faceret,
337 3238 379 3304 ad
393 3242 526 3304 votum'¹
541 3242 763 3326 episcoporum
778 3239 885 3302 omnia
897 3260 966 3304 sese
979 3238 1147 3321 facturum,

17 3329 19 3405 J
49 3322 210 3420 respondit.
263 3323 307 3387 Et
336 3321 479 3388 libellum
510 3345 587 3388 mox
618 3325 772 3410 scriptum
804 3333 835 3388 et
866 3320 1007 3387 oblatum
1039 3343 1146 3387 coram

17 3479 20 3501 ζ
50 3406 167 3489 regibus
187 3407 222 3470 in
244 3406 377 3472 coneilio
399 3406 477 3493 legit
497 3418 592 3494 atque
617 3407 814 3493 subscripsit.

17 3501 20 3636 l
267 3552 316 3617 n.
360 3552 760 3640 rextauueurepuur
782 3551 917 3616 meua.

17 3642 18 3675 ³
122 3655 244 3720 Textus
273 3665 379 3720 autem
406 3655 501 3722 libelli
533 3655 714 3720 huiusmodi
746 3663 848 3719 erat¹:
885 3653 965 3740 ‘Ego
995 3650 1176 3720 Arnulfusa.
1192 3678 1230 3722 si.

17 3726 21 3805 l
51 3741 141 3816 gratia
160 3739 225 3804 Dei
246 3739 419 3804 Remorum
442 3739 601 3826 quondam
627 3740 806 3826 episcopus,
833 3759 1063 3824 recognoscens
1088 3739 1149 3801 fra-

98 3831 193 3888 tatem
214 3845 319 3887 meam
341 3833 373 3888 et
393 3823 535 3924 pondera
554 3833 756 3910 peccatorum
778 3845 930 3905 meorum,
959 3831 1055 3887 testes
1077 3841 1150 3885 con-

62 3923 174 3972 essores
203 3928 291 3972 meos
319 3907 488 3994 Sigumum
516 3907 800 3993 archiepiscopum,
832 3906 1021 3972 Daibertum
1049 3904 1149 3968 archi-

102 4095 122 4148 a)
138 4098 239 4148 plurime.
253 4098 383 4139 intenderet
398 4099 417 4139 1.
483 4095 507 4150 b)
523 4098 574 4151 mg,
590 4108 669 4148 regum
684 4098 740 4137 absc.
808 4095 828 4147 c)
846 4107 900 4145 ergo
917 4099 937 4136 l.
1004 4093 1027 4146 d)
1044 4093 1149 4134 habende

50 4158 101 4192 tm.
115 4155 220 4199 habendi.
287 4155 309 4208 e)
325 4159 411 4199 Decret
425 4156 482 4202 cieo.
549 4155 567 4208 i>
584 4157 686 4208 episcopt
703 4159 722 4197 1.
792 4153 815 4205 c)
833 4157 849 4197 ί.
865 4158 919 4196 ante
936 4156 956 4194 1.
1015 4150 1039 4203 h)
1056 4155 1109 4193 vota
1126 4153 1148 4194 1.

53 4206 67 4257 l)
81 4211 133 4268 Tcx,
147 4227 203 4267 repu
218 4216 275 4258 abac.

117 4346 145 4414 1)
162 4349 215 4401 Hic
233 4348 268 4400 ad
287 4351 397 4403 verbum
417 4355 457 4402 est
475 4349 630 4416 moriptus.

882 4430 918 4491 ll
