2938 5016
305 407 458 458 RIOHERI
478 406 733 460 HISTORIARUM
751 407 862 458 LIBER
882 408 904 459 1.
1133 408 1167 458 29

65 576 155 638 nimia
175 574 329 674 gradivea
351 577 385 637 in
405 573 528 638 hostem
550 573 714 638 accelerat.
751 574 901 639 Procedit
923 597 1050 662 quoque
1071 577 1230 640 tiron-⁸¹³·

65 682 121 741 nus,
143 681 247 723 ammo
271 681 336 723 non
357 660 472 743 impar,
494 665 528 722 at
548 657 728 742 legionibus
751 659 865 742 potior.

102 779 148 844 46.
184 778 310 843 Bellum
332 779 415 842 inter
434 775 590 842 Karolum
614 787 644 842 et
665 775 854 841 Rotbertum
877 777 1007 864 eiusque
1030 779 1116 864 fuga.

136 881 258 961 Quibus
280 882 441 966 utrimque
462 881 539 943 visis
562 881 749 960 comminus,
773 901 846 942 cum
867 881 1009 944 maximo
1027 881 1165 946 clamore

64 967 174 1050 utrique
201 967 360 1029 exercitus
389 965 489 1049 signis
517 963 638 1028 infestis
667 973 867 1027 concurrunt.
918 962 1163 1051 Congressique‚

64 1050 207 1113 innumeri
228 1048 303 1112 hinc
325 1047 399 1112 inde
422 1057 581 1112 corruunt.
625 1047 668 1112 Et
681 1047 853 1112 Rotbertus
869 1046 999 1133 quidem
1018 1070 1077 1112 rex
1092 1071 1165 1112 oum

64 1132 90 1194 in
109 1135 276 1197 certamine
297 1134 425 1218 ignotus
448 1141 532 1196 esset
553 1139 585 1195 et
606 1130 679 1194 hinc
700 1131 775 1196 inde
797 1129 938 1195 feriendo
961 1141 1026 1195 toto
1050 1152 1164 1219 campo

63 1215 174 1298 fureret,
196 1240 216 1281 a
237 1218 409 1280 coniuratis
433 1217 651 1300 conspectusb,
674 1238 715 1280 an
737 1217 806 1300 ipse
828 1225 919 1296 esset,
941 1216 1163 1300 interrogatur.

63 1299 100 1363 At
117 1300 166 1365 ille
186 1300 374 1386 intrepidus,
401 1321 479 1363 mox
500 1297 635 1364 barbam
658 1299 837 1363 obvelatam
860 1299 999 1384 detegit⁰
1032 1321 1164 1392 seseque

64 1406 122 1448 esse
148 1386 336 1465 monstrat⁶‚
370 1383 469 1448 multa
495 1385 528 1447 vi
555 1384 589 1446 in
616 1381 803 1448 Fulbertum
831 1384 1017 1447 *comiteme
1045 1383 1281 1450 ferrum·r01.1s.

64 1467 186 1532 vibrans.
231 1467 289 1532 Ille
311 1490 396 1550 vero,
419 1466 524 1531 loetali
551 1468 618 1530 ictu
645 1467 809 1552 acceptos,
837 1465 877 1530 ab
901 1488 938 1530 eo
960 1468 995 1529 in
1017 1467 1163 1532 dextram

65 1551 238 1650 obliquatur.
283 1551 326 1615 Et
348 1553 393 1614 sic
415 1573 473 1638 per
493 1551 609 1615 loricae
632 1553 790 1616 manicam
805 1549 916 1614 lancea
929 1573 1005 1614 eum
1019 1553 1053 1614 in
1066 1551 1163 1616 latere

64 1637 238 1719 gravissimo
261 1637 327 1699 ictu
349 1637 469 1699 sauciat
489 1656 612 1698 necnon
634 1643 666 1700 et
686 1657 745 1720 per
766 1645 958 1720 speratque
979 1633 1164 1720 pulmonem

65 1729 91 1780 et
103 1721 213 1783 sinistri
234 1719 342 1784 lateris
363 1719 598 1804 ypocundriam
612 1717 730 1782 ferrum
745 1740 846 1804 usque
862 1721 895 1781 in
910 1717 1049 1803 clipeum
1064 1729 1163 1783 trans-

64 1803 121 1885 igit,
143 1813 191 1868 ets
212 1805 442 1889 circumseptus
458 1801 499 1866 ab
515 1802 595 1884 aliis,
621 1813 743 1888 septem
769 1801 888 1865 lanceis
909 1802 1072 1866 confossus
1093 1825 1163 1888 pre-

65 1887 219 1971 cipitatush
235 1889 354 1952 corruit
375 1886 584 1972 diriguitque3
606 1885 787 1972 *multoque
802 1884 986 1950 Fulbertusi
1002 1887 1093 1950 moxi
1109 1908 1163 1950 ex·
1174 1900 1213 1954 'n
1231 1902 1282 1945 sss.

64 1968 180 2035 haustus
202 1972 355 2056 sanguine
378 1972 429 2034 etl
451 1973 534 2034 inter
555 1980 709 2035 certantes
731 1979 873 2034 mortuus
896 1969 1020 2034 cecidit.
1064 1970 1163 2035 Inter·

64 2065 159 2140 empto
179 2077 255 2120 vero
278 2053 440 2138 Rotberto‚
467 2064 555 2118 tanta
576 2055 609 2118 vi
631 2054 737 2118 caedis
764 2063 897 2139 uterque
919 2053 1053 2119 deseviit
1074 2077 1163 2119 exer-

64 2139 142 2220 citus,
168 2149 203 2203 ut
224 2141 258 2201 in
279 2149 369 2224 parte
396 2139 480 2203 eius¹
504 2139 651 2220 11349111,
679 2140 712 2200 in
733 2148 824 2224 parte
845 2159 922 2201 vero
944 2137 1056 2201 Karoli
1079 2137 1163 2202 7118

63 2221 272 2286 aFlodoardo
294 2221 470 2307 presbitero
492 2222 574 2286 ferro
602 2223 758 2285 interiisse
787 2221 981 2306 descriptuin
1008 2222 1076 2285 sit1.
1120 2220 1164 2283 Et

63 2307 118 2369 iarn
138 2307 267 2393 quidem
288 2305 400 2371 Karoli
420 2307 554 2371 victoria
574 2305 752 2386 videbatur,
781 2326 819 2368 eo
842 2304 937 2389 quod,
965 2305 1089 2367 tiranno
1112 2325 1163 2366 oc-

64 2391 128 2470 ciso,
144 2393 198 2476 qui
211 2391 316 2454 illiusn
331 2391 456 2455 fuerant
469 2392 503 2452 in
516 2390 626 2474 fugam
640 2387 834 2470 ferebantur3
857 2409 930 2450 cum
945 2398 1040 2450 ecce⁰
1055 2385 1163 2471 Hugo,

63 2473 196 2539 lietberti
209 2474 303 2556 filius,
318 2475 374 2539 vix
394 2473 499 2538 adhue
521 2473 709 2559 pubescens,
731 2473 765 2548 in
786 2470 921 2570 prelium
936 2470 976 2534 ab
992 2468 1162 2534 Heriberto

64 2557 219 2623 deducitur
240 2561 458 2644 succurritque
479 2556 668 2622 labentibus.
712 2557 756 2620 Et
776 2555 850 2620 lrcet
864 2575 937 2618 cum
953 2555 1053 2641 copiis
1069 2554 1163 2618 adve-

63 2643 161 2725 nenti,
192 2654 309 2724 tamen,
341 2653 451 2728 utpote
499 2643 533 2705 ui
564 2651 675 2726 patres
708 2642 825 2706 amisso
858 2660 967 2702 omnes
1000 2647 1164 2724 suspectos

63 2723 190 2791 habebat
214 2726 365 2812 nulloque
386 2727 467 2790 duce
516 2735 586 2790 etus
607 2734 684 2807 erat,
714 2722 829 2789 abelli
855 2721 1006 2787 violentia
1035 2723 1164 2808 quievit

63 2807 136 2874 Illud
155 2819 278 2875 tantum
299 2808 522 2874 memorabilef
543 2809 655 2872 fecisse
677 2808 843 2889 refertum,
872 2807 958 2905 quod
978 2805 1064 2870 nullo
1090 2807 1165 2870 resi-

63 2903 151 2959 stente
167 2895 273 2960 locum
294 2893 370 2958 belli
391 2894 574 2978 occupavitl
596 2902 627 2956 et
641 2891 868 2977 aliquantisper
881 2912 915 2952 1n
929 2912 966 2953 eo
983 2891 1077 2970 stetit,
1099 2890 1167 2954 acsi

10 2977 11 2982 ’
63 2979 218 3044 manubias
232 2979 372 3042 hostium
386 2977 577 3062 direpturus.
610 2975 705 3040 Unde
722 2985 754 3039 et
769 2974 831 3038 sibi
848 2975 950 3038 victor
965 2972 1165 3038 videbatur.

63 3059 187 3127 Karolus
209 3083 285 3126 vero
308 3061 372 3126 obv
392 3081 505 3125 necem
526 3060 643 3125 tiranni
664 3060 799 3124 victoria
819 3059 915 3143 potiri
936 3079 1005 3121 sese
1020 3055 1167 3144 putabat.

64 3144 285 3232 Quapropterw
306 3154 338 3209 et
359 3166 476 3244 anceps
496 3145 631 3243 victoria
651 3143 720 3225 fuit,
742 3165 816 3206 cum
839 3140 967 3238 Celtae*
990 3141 1167 3239 desertores

63 3249 160 3314 regem
185 3229 362 3294 extinctum
389 3237 562 3310 amiserint,
590 3226 729 3292 Karolus
758 3237 855 3290 vero¹
884 3223 962 3287 mhrl
991 3223 1165 3310 spohorum

126 3372 149 3440 ⁸)
168 3373 241 3427 Galli
259 3388 351 3439 regem
370 3373 457 3424 subito
479 3377 597 3424 ereetum
617 3377 670 3424 ext.
691 3373 716 3422 1.

113 3499 134 3552 e)
147 3502 326 3552 magneniiniter
346 3511 403 3541 corr.
420 3509 451 3540 in.
467 3509 502 3548 gr.
563 3495 587 3549 b)
603 3499 627 3539 in
641 3509 711 3547 mara.
772 3493 793 3546 e)
810 3495 911 3535 eloriee
931 3492 1166 3534 extraneantes.
1230 3489 1234 3498 '

65 3555 84 3606 d)
98 3562 228 3601 monstravit
249 3571 305 3600 corr.
330 3562 450 3601 monstret.
525 3557 547 3609 e)
570 3557 659 3597 dimidia
678 3555 764 3606 papiae
787 3554 838 3593 eltis
860 3553 929 3593 mais
950 3562 1017 3592 mona
1041 3552 1053 3591 2
1076 3551 1165 3600 scripto.

65 3614 141 3665 livero
158 3621 233 3670 clipeo
249 3619 320 3659 ictum
337 3617 455 3667 excipiens
471 3627 528 3659 corr.
545 3621 569 3656 ut
584 3617 669 3656 eduum.
730 3613 754 3666 g)
768 3613 864 3653 Irruunt
879 3615 902 3654 et
918 3613 1097 3660 circumquaque
1113 3621 1166 3652 con·

64 3674 128 3720 iurati.
156 3678 177 3718 Δ
192 3677 277 3728 quibus
292 3677 416 3718 lietbertus
431 3677 604 3726 circumseptus,
626 3677 714 3725 septem
729 3683 786 3716 sorr.
801 3677 825 3711 ut
840 3671 925 3714 muse.
974 3669 999 3724 ir)
1016 3681 1035 3710 o.
1052 3670 1165 3711 occubuit.

65 3732 106 3779 Quo
119 3737 255 3788 interempto
276 3747 333 3776 corr.
354 3739 378 3774 ut
401 3735 487 3776 eduum.
547 3733 565 3785 i)
578 3739 629 3784 poet
644 3734 694 3775 add.
755 3729 781 3782 k)
797 3731 909 3780 corripuit
928 3731 1005 3770 iterum
1025 3741 1084 3771 corr.
1101 3733 1124 3770 et
1139 3749 1165 3760 -

65 3813 142 3856 cecidit.
202 3812 220 3865 l)
237 3813 343 3854 Rotbertt
363 3823 419 3854 eoi-r.
437 3813 495 3854 etus.
562 3808 594 3860 ni)
614 3811 646 3850 tta
667 3808 731 3858 sera
761 3809 805 3860 XI,
827 3809 851 3848 tn
871 3808 967 3858 mareiae
983 3807 1057 3846 addito
1073 3805 1130 3848 000
1145 3809 1169 3846 et

65 3867 145 3921 (reliquo
160 3871 253 3923 amobe)
269 3884 287 3912 e.
348 3869 373 3922 n)
390 3871 427 3911 eni
441 3881 498 3911 sorr.
515 3869 585 3911 illine.
646 3866 669 3918 ο)
685 3867 819 3908 floribertus
835 3867 958 3916 nugonem
978 3866 1005 3906 R.
1021 3866 1094 3906 fliium
1116 3875 1168 3905 cum

65 3927 103 3968 iem
116 3932 277 3980 pubescentem
294 3931 318 3970 in
339 3941 362 3980 p.
378 3929 470 3970 deducit
490 3939 550 3968 sorr.
565 3932 589 3967 at
604 3927 635 3968 ed.
703 3923 729 3976 p)
746 3925 883 3967 advenerint
900 3947 926 3956 -
942 3925 1058 3964 habebant
1075 3945 1101 3954 -
1117 3923 1169 3963 treti

65 3993 121 4028 erent
136 4013 160 4022 -
177 3991 316 4040 quieverunt
330 3997 386 4028 corr,
403 3991 426 4027 ut
442 3987 474 4029 ed.
539 3983 633 4038 q)rege
652 3995 708 4025 corr.
732 3989 804 4034 petre.
873 3981 893 4035 r)
910 3984 1002 4031 insigne
1024 3993 1080 4023 eorr.
1100 3991 1168 4022 mem.

65 4042 81 4092 Ι)
92 4048 217 4089 rotarentur
230 4059 249 4092 e.
263 4047 391 4097 neplipente'e
405 4046 519 4096 scriptoris
534 4045 572 4094 que
589 4044 697 4094 pluralem
719 4053 831 4083 numerum
847 4044 871 4083 in
888 4044 927 4082 iae
945 4046 1031 4081 tontum
1046 4050 1095 4079 vose
1110 4045 1129 4078 et
1144 4041 1169 4078 in

64 4104 129 4146 ”bna
142 4108 247 4148 sementia
260 4117 307 4146 non
321 4106 422 4146 serente.
481 4103 499 4155 t)
516 4105 723 4154 occupaverunt·
735 4105 848 4143 steterunt
858 4121 884 4132 -
893 4101 1005 4150 direpturi
1020 4109 1078 4139 cerr.
1093 4103 1118 4137 ut
1132 4099 1167 4138 ed.

66 4160 86 4210 u)
98 4166 192 4207 victores
207 4165 346 4206 videbantur
365 4175 383 4204 e.
413 4163 454 4203 Sed
475 4175 499 4202 a
518 4167 575 4202 testes
594 4162 671 4212 priore
690 4161 735 4200 iam
754 4161 819 4200 deleto
835 4161 909 4200 victor
923 4159 957 4198 eie
975 4167 1026 4199 esse
1047 4156 1170 4198 videbatur

66 4218 181 4328 lippareos
241 4223 264 4276 v)
281 4227 360 4274 utpote
375 4223 467 4263 tiranno
482 4221 604 4262 interiecto
617 4219 682 4270 prior
692 4219 794 4259 narrate
810 4217 842 4271 (t)
854 4217 964 4268 percebot.
1017 4215 1048 4268 w)
1064 4214 1131 4256 Unde
1148 4217 1168 4255 i.

66 4288 79 4316 ¹
100 4283 146 4322 edd.
161 4285 182 4324 a.

127 4375 158 4442 ¹1)
177 4377 237 4429 Hoc
255 4393 307 4429 nee
325 4379 353 4428 in
371 4373 521 4428 Annalibus
540 4390 591 4428 nee
609 4375 638 4424 in
656 4373 726 4425 Eiet.
746 4373 823 4424 Rem.
841 4369 949 4437 legitur.
