2936 5010
284 415 437 468 RICHERI
456 415 707 469 HISTORIARUM
725 416 836 468 LIBER
855 416 923 468 IIII.
1110 417 1160 468 139

11 637 12 644 1
67 595 173 670 tempus
200 583 353 649 reducere
384 583 562 670 disposuit,
595 593 630 647 ut
657 583 794 649 reditum
822 582 1032 668 amplioribus
1060 585 1223 670 copiissss.

65 679 141 816 ἓξὲξ]
157 677 335 754 appararet.
393 668 484 749 Quae
528 669 633 731 omnia
676 665 816 753 Augusti
855 677 999 754 tempore
1038 677 1162 754 patrata
1172 656 1233 708 m·

228 861 279 925 24.
325 859 441 926 Obitus
462 858 695 926 Adalberonis⁸
716 859 952 944 metropolitani
960 870 983 923 ⁸.

132 963 191 1027 His
212 966 257 1028 ita
278 964 377 1048 gestis
398 983 463 1026 non
484 961 583 1026 multo
610 971 684 1048 post
705 960 967 1047 metropolitanus
989 963 1023 1024 in
1044 964 1162 1048 egritu-

63 1046 154 1112 dinem
176 1047 336 1128 decidens,
359 1068 442 1133 quae
463 1068 483 1109 a
498 1045 610 1112 Grecis
634 1067 752 1110 causon
762 1057 783 1120 ²,
806 1068 826 1108 a
839 1045 962 1109 Latinis
978 1046 1162 1110 incendium

62 1130 171 1214 dieitur,
186 1154 245 1218 per
258 1131 288 1196 le
311 1141 380 1196 atos
391 1132 461 1216 regi
475 1140 550 1194 tunc
560 1131 675 1194 Parisii
690 1130 899 1194 commoranti
913 1131 1075 1212 indicavit,
1091 1153 1161 1194 sese

61 1214 232 1300 ingranam
252 1240 274 1280 v
308 1215 461 1280 'tudinem
483 1213 654 1298 decidisse3
676 1214 760 1278 unde
775 1224 806 1279 et
821 1215 849 1279 ei
864 1214 1098 1296 maturandum,
1119 1237 1160 1279 ne

61 1297 184 1364 Karolus
207 1301 262 1387 qui
291 1309 398 1364 cetera
418 1299 558 1364 Remosh
587 1300 682 1364 etiam
710 1297 908 1384 pervaderet.
951 1299 1023 1363 Rex
1049 1299 1160 1363 accitis

62 1385 106 1468 qui
124 1384 263 1466 aderant,
288 1407 365 1448 mox
385 1385 431 1448 ire
454 1383 621 1469 disposuit.
654 1382 725 1462 Quo
746 1384 780 1445 in
801 1383 912 1447 itinere
934 1381 1162 1470 aliquantisper

61 1466 201 1553 tardante,
224 1490 297 1533 cum
316 1466 577 1553 metropolitanus
591 1469 813 1531 insomnietate
828 1465 985 1552 simulque
1000 1477 1030 1532 et
1046 1469 1160 1530 mentis

61 1550 234 1618 alienatione
255 1554 388 1616 nimium
409 1561 588 1634 vexaretur,
611 1549 759 1637 nullaque
782 1551 856 1614 crisi
879 1571 988 1615 omnes
1011 1552 1079 1615 dies
1094 1572 1160 1616 cre-

61 1637 127 1699 ticos
140 1637 215 1700 huic
232 1637 403 1722 egritudini
418 1635 602 1700 commodos
617 1635 791 1720 preteriret,
808 1633 969 1699 dissolutis
985 1634 1159 1717 elementis,

62 1717 190 1784 debitum
211 1721 415 1785 humanitatis
438 1721 487 1784 10.
509 1718 581 1783 Kal.
603 1719 697 1784 Febr.
724 1717 861 1783 exsolvit
869 1728 890 1782 ³.
935 1719 1009 1800 Qua
1031 1719 1082 1784 die
1103 1741 1162 1784 rex
1171 1749 1233 1792 9392

60 1807 253 1889 tempestivus
274 1804 455 1885 adveniens,
478 1802 557 1868 urbe
577 1812 725 1889 receptus
749 1813 806 1867 est.
838 1803 876 1866 In
891 1805 1050 1889 exsequiis
1066 1804 1162 1868 etiam
1170 1811 1221 1853 1²¹¹·
1237 1810 1273 1854 ²³·

81 1888 204 1952 ontificis
255 1887 389 1953 lurimac
415 1889 689 1953 commiseratione
712 1885 882 1952 condoluit.
918 1888 986 1952 Nec
1001 1910 1077 1954 vero
1094 1888 1161 1953 sine

59 1908 182 2036 linimis
210 1912 331 2058 aliquot
352 1971 391 2036 de
413 1994 451 2037 eo
474 1972 688 2058 querimonias
714 1971 834 2036 habuit.
879 1970 1005 2057 Oorpus
1035 1995 1161 2059 quoque

60 2053 145 2119 multo
180 2056 300 2120 honore
332 2055 511 2142 sepulturae
544 2055 640 2120 dedit.
705 2055 800 2120 Cives
833 2055 961 2120 domino
995 2057 1160 2122 destitutos

59 2141 129 2202 mira
147 2141 358 2205 benivolentia
378 2138 497 2204 solatus
519 2150 576 2205 est.
609 2141 673 2221 Qui
696 2139 735 2204 de
757 2137 907 2204 fidelitate
922 2142 990 2224 regi
1005 2139 1160 2204 servanda

59 2231 85 2286 et
102 2223 177 2289 urbe
191 2223 309 2288 tuenda
326 2225 520 2310 interrogati,
539 2224 635 2288 fidem
650 2225 763 2303 iurant,
786 2222 874 2287 urbis
890 2223 1056 2286 tuitionem
1070 2221 1160 2308 polli-

59 2317 165 2372 centur.
201 2306 326 2389 Quibus
349 2318 546 2373 saoramento
567 2309 713 2389 astrictis,
737 2308 845 2392 eisque
859 2304 1004 2370 libertate
1020 2305 1160 2391 eligendi

59 2389 167 2454 domini
195 2415 290 2479 quem
318 2391 435 2457 vellent
455 2393 495 2457 ab
517 2415 592 2477 rege
615 2412 773 2473 concessa,
802 2411 862 2454 rex
887 2387 928 2453 ab
951 2391 996 2454 eis
1020 2391 1159 2455 dimotus

58 2473 202 2540 Parisium
224 2476 360 2541 devenit.

137 2596 185 2662 25.
231 2595 399 2677 Quomodo
421 2594 597 2660 Amulfusd
617 2593 947 2680 archiepiscopatum<l
967 2595 1068 2681 petiit.

13 2749 14 2760 ,
131 2696 195 2762 Ubi
216 2721 291 2762 cum
313 2699 352 2763 de
373 2697 559 2763 liberalitate
581 2709 612 2763 et
626 2696 689 2761 fide
704 2697 823 2762 civium
837 2696 1044 2761 Remensium
1058 2695 1160 2762 laetus

12 2837 13 2864 ,
60 2791 245 2865 moraretur,
264 2781 443 2862 Arnufusr,
476 2781 618 2846 Letharii
647 2781 732 2844 filius
743 2793 765 2862 ⁴,
788 2803 846 2866 per
876 2780 1050 2866 quosdamf
1075 2783 1160 2866 regis

12 2923 13 2944 ,
61 2865 212 2950 stipatores
234 2865 275 2930 ab
297 2889 372 2951 rege
394 2867 612 2950 episcopatum
639 2866 819 2951 expetebat,
848 2864 1004 2930 Karolum
1033 2887 1160 2952 quoque

61 2959 195 3029 patruum
218 2973 287 3016 sese
315 2950 515 3015 deserturum
541 2947 680 3032 mandat,
708 2949 805 3014 fidem
831 2949 981 3035 spondet3
1010 2951 1160 3036 regisque

11 3089 12 3106 1
109 3075 130 3128 a)
145 3079 205 3129 albe,
222 3089 266 3128 opo
282 3078 339 3118 abac.
413 3076 438 3129 b)
455 3077 514 3116 hanc
530 3078 599 3116 ettam
616 3079 636 3117 1.
713 3075 733 3128 c)
749 3078 872 3126 plurimam
888 3089 905 3116 c.
979 3074 1002 3127 d)
1019 3075 1161 3130 A(rnultus),

10 3197 11 3200 Ἴ
61 3135 120 3188 archl,
135 3148 156 3178 m
172 3138 228 3177 abac.
304 3135 326 3187 a)
340 3136 369 3180 Α,
385 3148 402 3178 c.
478 3133 590 3187 d-Bureh
604 3136 668 3175 scribi
683 3141 786 3185 coeptum,

9 3209 14 3295 i
123 3230 148 3298 1)
169 3233 210 3284 cf.
230 3232 353 3284 Gerberti
374 3233 449 3298 epist.
472 3231 532 3294 158,
553 3231 594 3284 ed.
607 3231 704 3283 Olleris
723 3249 750 3296 p,
771 3229 1063 3296 empuritanensi,
1083 3247 1158 3281 oecu-

10 3303 14 3368 ξ
57 3303 118 3362 palia
134 3304 260 3357 militibus
279 3304 358 3372 replis
382 3305 443 3357 uino
462 3313 486 3356 st
505 3321 610 3368 somno,
637 3302 767 3369 oppidani
792 3303 851 3355 totis
876 3303 976 3354 viribus
1000 3301 1160 3368 eruptionem

9 3368 14 3492 p
56 3373 171 3442 fecerunt,
190 3377 338 3444 nostrisque
356 3376 535 3430 resistentibus
551 3396 582 3428 uc
600 3395 642 3429 eos
654 3377 848 3443 repellentibus,
869 3375 1022 3429 amendiois
1042 3383 1158 3426 cremata

10 3492 14 3537 ,
61 3456 224 3504 sausoure.
273 3450 329 3513 Quo
348 3450 467 3503 incendio
486 3450 569 3502 omnis
595 3459 743 3518 apparatus
767 3448 908 3501 obsidionis
936 3450 1089 3514 absumptus
1114 3454 1160 3500 cst.

9 3548 13 3582 ι
64 3517 124 3578 Quae
142 3525 243 3576 damna
261 3525 287 3578 8.
298 3523 361 3576 Kal.
380 3524 451 3591 Sept.
471 3523 640 3590 multiplicius
659 3525 837 3577 restaurando
856 3531 933 3585 sunt,·
953 3523 1044 3589 Sigeb.
1056 3539 1072 3572 a
1091 3520 1160 3572 988:

61 3591 128 3663 Hupo
146 3615 195 3649 reu
213 3597 344 3649 Karolum
361 3596 389 3648 in
410 3597 546 3649 Louduno
566 3598 679 3662 obsidet,
708 3598 755 3649 sed
774 3597 887 3648 secundo
906 3594 1048 3650 obsidionis
1073 3612 1160 3648 mense

62 3665 144 3721 obsessi
163 3669 340 3736 prosilientes,
367 3677 456 3722 castra
480 3669 653 3723 obsidentium
670 3670 856 3736 incenderunt,
881 3677 905 3722 et
930 3669 985 3736 ipse
1003 3687 1051 3722 reu
1070 3669 1160 3737 Hupo,

9 3755 13 3794 l
57 3739 168 3800 niminis
188 3761 296 3794 suorum
309 3743 468 3810 peremptis,
496 3743 608 3810 turpiter
619 3743 731 3812 supiens
749 3743 795 3796 oin
815 3743 907 3796 euasit.
1000 3743 1028 3810 2)
1048 3737 1160 3794 καύσων.

62 3811 87 3876 3)
102 3817 197 3869 Olleris
216 3835 243 3885 p.
263 3818 326 3872 529.
347 3834 407 3869 cum
420 3818 577 3869 Mobillonio
597 3825 707 3869 mortem
726 3818 904 3870 Adalberonis
923 3819 950 3867 in
970 3817 1067 3869 asse.
1087 3823 1160 3868 recte

63 3887 183 3942 collocare
206 3890 319 3943 videtur.
368 3891 446 3942 Certe
471 3908 525 3942 non
550 3908 575 3943 a.
596 3891 657 3942 990.
683 3891 735 3942 hoe
754 3891 873 3943 adscribi
891 3897 986 3957 potest.
1024 3893 1092 3942 Nam
1111 3890 1160 3940 Ar-

63 3960 139 4014 unlfus
158 3966 215 4016 eius
235 3980 374 4016 successor
393 3965 476 4016 ‘sexto
496 3980 587 4016 mense
607 3966 640 4015 ab
661 3966 717 4015 eius
738 3965 905 4015 ordinatione
924 3964 1041 4014 nondum
1061 3963 1159 4029 elapso'

63 4032 142 4086 urbem
161 4037 195 4088 ab
215 4037 291 4089 hoste
312 4043 417 4104 captam
436 4037 517 4102 visin
539 4037 632 4090 decem
652 4043 679 4088 st
697 4043 757 4088 octo
778 4039 908 4088 continuis
927 4037 1077 4098 mensibus,
1096 4041 1126 4086 ut
1144 4050 1161 4085 a

65 4114 147 4173 coepto
173 4109 329 4174 desisteret,
354 4113 468 4162 monitus
494 4116 551 4176 est;
576 4116 637 4179 post
661 4110 724 4162 ficte
749 4111 859 4176 Hugoni
888 4111 946 4174 regi
972 4108 1161 4160 reconciliatus

65 4173 134 4230 fidem
157 4183 252 4248 fregit,
278 4190 304 4235 et
331 4184 373 4236 his
398 4186 480 4250 gestis
506 4200 596 4236 mense
620 4185 697 4235 Iunio
724 4185 786 4233 991.
811 4183 946 4248 depositus
966 4190 1006 4233 est
1025 4180 1163 4248 (Gerberti

10 4291 11 4308 i
66 4253 132 4313 epist.
156 4257 216 4320 193,
241 4275 268 4324 p.
289 4256 363 4324 109).
410 4259 495 4324 Igitur
517 4274 579 4309 vere
603 4274 626 4311 a.
653 4257 715 4308 989.
742 4272 801 4307 eum
826 4261 974 4322 promotum
1000 4271 1059 4306 esse
1079 4261 1161 4322 patet.

10 4319 12 4361 l
66 4319 92 4386 4)
110 4341 138 4376 ex
160 4332 323 4394 concubina,
350 4332 385 4384 ct.
405 4332 476 4398 Hug.
496 4331 572 4384 Flav.
595 4331 642 4383 SS.
662 4331 738 4393 VIII,
762 4347 788 4396 p.
809 4328 871 4391 365,
898 4343 966 4394 quae
993 4329 1102 4380 minime
1129 4345 1162 4381 ex

67 4392 168 4454 Richsro
187 4409 273 4456 sumta
292 4410 360 4458 sunt.
