2938 5016
254 562 303 604 989.

313 375 346 424 48
568 371 721 424 RIOHBBI
740 370 992 423 HISTORIABUM
1011 369 1123 420 LIBER
1142 369 1179 420 11.

408 543 454 607 17.
487 541 578 607 Rexl
599 542 633 604 in
654 538 805 625 Belgicaa
827 561 901 604 suos
925 538 987 604 sibi
1008 538 1131 603 sociata
1153 545 1184 602 et
1206 533 1343 602 Ottonis

582 623 742 690 fautores³
763 621 846 688 ultra
868 623 1034 689 lihenum⁸
1055 621 1156 710 fugat.

396 746 516 812 noxe-1
540 747 573 810 in
594 767 679 832 pago
694 745 827 812 Elisatio
849 767 921 810 oum
942 745 997 809 Hu
1022 767 1081 810 one
1097 743 1265 832 Cisalpino
1287 743 1430 828 principe

314 829 435 894 locutus
447 842 467 913 ²,
497 829 645 916 Belgioos
674 831 859 912 exteriores,
909 831 942 894 ui
971 767 1020 894 ati
1041 851 1075 894 se
1100 829 1245 894 nondum
1269 835 1431 907 venerant,

314 914 376 980 sibi
408 913 592 980 asciscebat.
650 914 694 979 Bt
752 918 786 980 ui
845 924 905 980 art1
929 936 966 978 us
1000 913 1127 980 Ottonis
1162 911 1322 977 favebant
1355 909 1430 975 ultra

313 999 459 1064 Rhenum
481 997 590 1086 fugere
613 937 777 1084 compulit.
820 937 1026 1064 insenserat
1046 999 1141 1082 enim,
1171 997 1333 1062 Ottonem
1355 993 1430 1060 velle

313 1084 346 1146 in
369 1105 461 1147 suum
483 1083 533 1148 ius
555 1081 718 1169 Belgicam
740 1082 968 1148 transfundere.
1021 1081 1117 1148 Unde
1146 1092 1177 1148 ct
1199 1102 1287 1168 equo
1319 1080 1350 1146 ei
1372 1102 1429 1143 non

313 1166 473 1234 serebatur
500 1167 617 1232 animo.
667 1165 891 1233 Truculentius
920 1189 995 1255 ergo
1029 1177 1138 1232 contra
1170 1165 1263 1230 illum
1299 1165 1429 1250 agitans,

313 1254 409 1318 suos*
432 1252 472 1316 de
493 1274 591 1338 regno
615 1251 807 1316 exturbavit.
852 1252 917 1333 Qui
938 1274 1015 1318 vero
1038 1252 1099 1317 sibi
1122 1248 1372 1316 consentiebant
1380 1261 1398 1290 ⁰·
1406 1249 1428 1276 ¹*

314 1337 483 1418 asciscens,
508 1335 721 1402 Gislebertum
744 1333 894 1402 videlicet
911 1335 1114 1422 Belgioorum
1137 1336 1264 1416 ducem,
1290 1332 1427 1398 Theode-

313 1421 416 1485 ricum
440 1442 565 1508 quoque
588 1431 620 1484 at
643 1442 682 1484 uc
704 1420 796 1484 Isaac
818 1422 950 1487 comites
960 1431 982 1502 ³,
1006 1442 1079 1485 cum
1102 1420 1147 1485 eis
1163 1417 1340 1485 consilium
1363 1438 1427 1480 con·

313 1505 383 1587 fert,
406 1527 443 1570 ac
467 1441 785 1592 p1·ofidel1abenda
813 1505 1033 1570 iusiurandum
1063 1505 1104 1570 ab
1132 1505 1177 1570 eis
1204 1503 1340 1602 accipit,
1362 1510 1427 1587 post

314 1589 393 1654 haec
415 1588 605 1654 Laudunum
626 1587 761 1653 rediens.
812 1589 927 1690 Ibique
956 1590 1098 1654 eiusdem
1128 1589 1216 1654 urbis
1240 1606 1426 1674 ep1scopun

315 1671 496 1755 Bodulfum,
529 1671 718 1758 proditionis
751 1673 987 1740 evidentrssime
1019 1669 1246 1754 insimulatum,
1281 1668 1325 1735 ab
1356 1667 1425 1732 urbe

315 1755 403 1842 pellit
424 1779 561 1843 suosque
583 1755 676 1821 simul
699 1757 782 1823 eicit.
837 1759 981 1840 Quorum
1004 1759 1099 1824 etiam
1120 1780 1171 1822 res
1199 1757 1266 1822 suis
1291 1751 1425 1819 contulit.

612 1965 659 2029 18.
683 1963 759 2030 Otto
781 1963 968 2051 Belgicamd
990 1965 1145 2031 devastat.

401 2084 477 2152 Otto
499 2086 620 2150 interea
634 2083 783 2170 Belgicos
806 2087 1005 2172 comperiens
1027 2085 1238 2172 regispartes
1255 2089 1423 2148 sustentare

317 2177 348 2234 et
369 2190 388 2232 a
410 2193 444 2235 se
465 2171 591 2283 penitus
620 2169 791 2250 defecisse,
821 2168 932 2234 Rheno
963 2170 1147 2236 transmisso
1171 2167 1359 2252 Belgicame
1386 2163 1424 2258 in-

340 2257 466 2320 rossus*
483 2257 506 2338 *,
529 2256 596 2320 eius
618 2253 690 2318 loca
719 2253 855 2340 plurima
883 2253 1039 2320 incendiis
1061 2275 1099 2318 ao
1118 2253 1305 2339 ingentibus
1327 2243 1421 2378 produ

316 2275 462 2405 devastat
470 2342 491 2422 i,
529 2362 566 2404 eo
604 2340 690 2425 quod
725 2361 767 2403 ex
803 2336 968 2403 collatione
998 2347 1132 2425 paterna
1164 2338 1276 2423 prince
1303 2359 1318 2401 s
1365 2330 1423 2394 fien

316 2421 455 2508 Belgicis
475 2423 721 2509 dedignantibus
744 2422 956 2506 contenderet,
980 2445 1053 2486 cum
1076 2423 1143 2487 eius
1165 2432 1258 2508 pater
1274 2359 1422 2487 Baxoniae

318 2505 417 2570 solum
463 2519 593 2594 ropterss
615 2507 803 2574 Sclavorum
825 2507 1061 2594 improbitatem
1089 2529 1147 2572 rex
1169 2516 1297 2571 creatus
1320 2503 1366 2581 sit,
1391 2517 1420 2594 ep

318 2591 404 2676 quod
459 2590 573 2672 erolus,
598 2592 649 2654 cui
671 2613 776 2655 rerum
798 2613 923 2656 summa
945 2591 1129 2674 debebatur,
1159 2589 1265 2655 adhuc
1288 2591 1323 2653 in
1344 2601 1420 2649 cums

316 2674 466 2759 vagiebat
475 2677 542 2740 Μ
593 2674 727 2740 Multam
763 2675 870 2763 itaque
906 2675 1038 2762 predam
1073 2674 1250 2757 abducens,
1288 2671 1420 2739 Rhenum

316 2766 496 2824 transmeat.

391 2921 414 2988 *)
434 2925 595 2991 quicumque
615 2924 687 2976 illius
707 2923 901 2976 videbantura
922 2925 1035 2991 Belgica
1055 2929 1104 2976 ext.
1145 2923 1213 2976 Eas.

378 3013 415 3082 **)
436 3017 547 3068 consilio
568 3016 710 3069 Giselberti
737 3015 812 3068 ducis
832 3015 960 3082 Belgicae
981 3021 1008 3067 et
1026 3015 1186 3067 Theoderici
1213 3017 1319 3066 comitis
1343 3019 1418 3062 sacra·

437 3095 525 3142 mento
545 3091 596 3141 sibi
615 3089 789 3155 astringebat.
827 3091 892 3142 Otto
912 3106 975 3141 vero
995 3089 1095 3155 Belgas
1115 3090 1283 3156 comperiens
1303 3103 1319 3138 a
1337 3099 1363 3136 ae
1381 3078 1416 3128 de·

437 3164 534 3216 iecisse
554 3171 580 3215 et
600 3165 634 3215 ad
654 3163 828 3214 Ludewieum
848 3163 1016 3226 confluxisse,
1036 3163 1138 3215 Rheno.
1176 3161 1246 3214 Elele-

435 3256 466 3308 B.
487 3271 546 3308 oum
568 3257 686 3307 exercitu
705 3254 861 3321 ingreditur.
899 3255 967 3309 Ele.

391 3345 416 3414 †)
437 3349 463 3400 d.
479 3348 619 3400 Nitebatur
639 3350 709 3399 onim
729 3341 785 3399 ac'si
805 3363 838 3398 cx
856 3353 968 3414 paterna
987 3345 1131 3399 traditione
1150 3347 1276 3414 princeps
1295 3342 1351 3396 lieri
1367 3331 1417 3388 Bel·

437 3422 525 3488 gicae.
564 3421 597 3472 Id
617 3438 680 3473 vero
694 3423 840 3473 contraius
854 3437 935 3487 agere
949 3421 1187 3488 calumpniabatur,
1208 3435 1268 3471 cum
1283 3421 1338 3470 eius
1356 3413 1417 3479 pater

438 3501 545 3561 propter
564 3495 718 3546 Solavorum
738 3495 934 3547 infestationem
955 3496 1087 3548 saxoniae
1105 3498 1217 3557 tanturn,
1237 3509 1307 3560 quae
1320 3493 1417 3551 estpars

440 3568 608 3631 Germaniae,
629 3568 682 3619 dux
701 3569 858 3620 constitutus
877 3570 920 3620 sit.
957 3567 1025 3621 Est.

381 3654 419 3724 it)
441 3657 466 3708 d.
487 3663 549 3709 tuno
570 3674 594 3710 a.
613 3660 641 3708 in
661 3675 684 3709 c.
704 3661 815 3726 vagiret.
853 3660 921 3712 Elele-

366 3253 415 3323 *14)

380 3801 402 3854 a)
419 3803 460 3854 Re,
477 3813 512 3854 oa,
529 3807 559 3854 at,
576 3803 622 3854 iau,
638 3803 686 3844 Rhe
702 3805 757 3845 abac.
819 3805 841 3859 b)
859 3819 959 3858 namque
975 3808 1025 3849 add.
1044 3809 1065 3852 1.
1115 3804 1136 3858 e)
1152 3805 1261 3847 lavabant
1278 3805 1297 3847 l.
1341 3795 1362 3848 d)
1376 3797 1446 3842 ⁰⁵¹⁰·

322 3863 378 3904 abac.
441 3860 463 3914 e)
478 3862 589 3911 Belgicae
604 3863 656 3903 loca
673 3865 692 3903 1.
753 3863 827 3917 Orsx
845 3868 864 3910 1.
924 3866 947 3920 g)
963 3879 1006 3919 pro
1024 3869 1044 3908 1.

397 3993 423 4060 1)
445 3995 519 4058 Quae
533 4001 686 4062 sequuntur,
707 3996 894 4062 Ekkehardus,
908 4000 989 4050 alium
1003 4006 1032 4052 ut
1044 4000 1150 4052 videtur
1163 4005 1263 4051 textum
1277 4000 1382 4054 saulus
1393 3986 1414 4033 5¹¹

323 4085 399 4122 suum
419 4085 494 4120 usum
515 4070 657 4132 convertit;
684 4070 711 4119 iu
732 4070 826 4121 codiee
846 4072 908 4124 stilo
929 4075 1054 4125 continuo
1073 4079 1189 4136 exarata,
1219 4089 1270 4124 nec
1290 4077 1319 4124 ut
1336 4070 1415 4126 magns

323 4143 385 4194 libri
403 4144 482 4209 primi
501 4158 563 4209 pars
584 4144 741 4208 corrigendo
760 4145 866 4197 turbata
885 4152 955 4197 sunt.
1030 4147 1059 4213 2)
1079 4148 1123 4200 Ita
1143 4148 1222 4198 etiam
1241 4145 1319 4198 Flod.
1332 4158 1354 4193 a·
1367 4129 1416 4185 939·

324 4215 496 4282 Burgundiae
517 4215 570 4267 dux
594 4215 766 4282 intelligitur3
788 4218 820 4268 cf.
835 4219 983 4283 Diimmler,
1003 4223 1066 4273 Otto
1080 4223 1102 4273 1.
1122 4239 1148 4289 p.
1161 4220 1196 4271 88
1209 4237 1236 4272 n.
1309 4215 1337 4284 3)
1354 4199 1414 4272 Quod

322 4288 401 4340 Flod.
421 4291 473 4339 iam
494 4295 555 4341 ante
575 4291 700 4340 narravit.
756 4291 784 4355 4)
804 4291 881 4354 Quod
901 4309 934 4344 ne
955 4309 1014 4345 cum
1034 4295 1075 4348 his
1095 4294 1203 4362 quidem
1223 4293 1344 4346 convenit
1361 4291 1414 4351 (11ΙῦΘ

324 4361 392 4424 1,4.
416 4363 457 4414 14.
478 4362 521 4411 24.
542 4363 586 4414 ³9.
606 4363 705 4415 retulit.
