2938 5016
1451 353 1453 384 l

314 613 373 678 per
381 589 670 676 metropolitanum,
682 589 877 654 Heinrieus*
890 611 924 652 re
949 587 1139 653 ideducitur
1155 588 1316 676 multoque
1331 589 1409 653 ambi·
1449 505 1453 630 l

314 675 409 740 tionis
421 674 539 738 honore
551 683 624 738 ante
635 674 822 754 admittitur,
834 693 872 735 ac
884 693 936 736 am
961 674 1045 736 o⁸in
1056 674 1231 738 amicitiam
1241 673 1408 738 federantur.

399 760 450 822 25.
496 758 620 838 Quibus
642 759 751 844 gestis,
781 755 974 821 Hildniuus¹
997 757 1235 842 Tungrensium
1263 758 1409 843 episcopus

316 865 390 909 cum
411 844 450 908 iis
473 843 528 929 qui
549 841 591 906 ab
613 864 687 928 rege
709 841 891 906 defecerant
918 843 1117 927 conspirasse
1139 842 1192 904 inb
1222 864 1257 905 re
1282 865 1330 906 em
1354 843 1409 903 insi·

316 926 462 991 mulatur.
494 926 639 1013 Regique
660 924 811 1006 infensus,
834 925 875 990 ab
898 946 935 989 eo
957 925 1202 990 insectabatur0.
1247 864 1343 990 (dirius
1362 923 1410 988 odii

315 1013 364 1076 via
387 1033 424 1076 eo
448 1032 549 1096 usque
571 1011 725 1097 pervenit,
749 1019 784 1072 ut
805 1009 1004 1073 Richernmd
1026 1009 1223 1073 Prumiensis
1250 1009 1410 1073 monasteri
1449 1069 1450 1074 ,

315 1096 464 1161 abbatem
510 1103 690 1159 removeret
712 1103 743 1156 et
764 1092 955 1157 Hilduinum
977 1093 1149 1158 abdicaret.
1193 1093 1259 1157 Ate
1281 1093 1411 1158 Richerus

219 1195 277 1242 ⁸101.
286 1199 306 1239 a
316 1178 356 1243 ab
379 1201 454 1265 rege
499 1187 627 1260 onatus,
651 1199 723 1240 cum
745 1177 786 1240 ab
810 1176 1072 1263 'metropolitano
1094 1177 1314 1242 Herimanno⁸
1339 1199 1411 1260 urge·
1448 1240 1449 1265 ,

255 1274 416 1345 araretur,
439 1283 477 1326 eo
501 1262 587 1348 quod
609 1272 718 1325 contra
739 1260 787 1324 fas
818 1260 858 1325 ab
888 1283 963 1346 rege
994 1263 1215 1348 episcopatum
1242 1262 1412 1346 suscepisset

316 1369 524 1434 supereum,
556 1347 611 1444 qui
633 1346 762 1410 tenebat
790 1347 908 1432 quique
929 1345 1015 1410 nulla
1037 1345 1204 1432 culparum
1234 1345 1411 1410 confessione
1448 1367 1449 1424 j

314 1433 428 1514 victus,
450 1429 536 1494 nullo
559 1429 671 1494 ruditio
695 1429 862 1493 damnatus
884 1439 982 1513 esset,
1012 1431 1097 1514 regis
1123 1431 1212 1492 iussu
1233 1430 1364 1494 Romam
1381 1427 1412 1490 fe·
1446 1445 1449 1481 τ

315 1517 420 1581 stinat.
464 1515 512 1578 Ae
535 1513 580 1579 ibi
600 1513 735 1578 Iohanni
757 1535 860 1600 papae
882 1523 914 1577 et
935 1515 1020 1600 regis
1041 1515 1228 1578 sententiam
1259 1524 1291 1578 et
1311 1515 1356 1577 sui
1374 1533 1412 1574 ne·

315 1601 395 1686 gotii
425 1620 555 1663 causam
588 1599 792 1662 demonstrat.
840 1598 929 1682 Papa
963 1599 996 1660 in
1022 1596 1212 1661 Hilduinum
1241 1597 1413 1663 desertorem
1445 1599 1449 1678 ᾖ

315 1683 497 1768 indignans,
519 1681 560 1746 ab
583 1681 688 1746 officio
710 1703 782 1744 eum
805 1701 859 1744 sus
884 1680 971 1745 endit
998 1701 1037 1744 ac
1066 1680 1267 1745 anathemate
1290 1681 1413 1753 damnem
1447 1687 1448 1709 ³

316 1767 487 1831 Rioherum
510 1787 586 1830 vero
608 1787 625 1829 e
650 1766 797 1850 iscopum
820 1703 945 1829 ordinat
966 1785 1004 1828 ac
1027 1787 1102 1828 suae
1124 1767 1320 1830 auctoritatis
1339 1766 1413 1830 bene·
1447 1753 1448 1832 l

316 1849 455 1914 dictione
478 1850 584 1914 donat.
627 1787 718 1913 llaec
748 1848 826 1912 dum
849 1850 936 1913 sica
959 1859 1102 1931 crentur,
1133 1849 1307 1915 Hilduinus
1327 1869 1414 1935 prose·
1446 1920 1447 1924 η

338 1935 448 2016 uiturs,
479 1935 640 1996 incassum
663 1933 749 2019 apud
779 1956 897 2019 papam
919 1871 1089 2018 plurimam
1111 1935 1343 2020 querimoniam
1362 1933 1414 1996 fun·
1446 1927 1447 1958 ³

317 1955 395 2082 dens
431 2038 470 2081 ac
502 2016 589 2102 apud
618 2038 690 2080 eum
752 2038 786 2082 ro
827 2015 1025 2082 absolutione
1063 2016 1236 2081 admodum
1277 2018 1414 2084 laborans.
1446 2088 1447 2094 ἵ

318 2103 390 2182 Quo
414 2110 642 2200 conquerente,
676 2039 830 2165 Riclrerus
858 2101 940 2166 redit
968 2122 1006 2165 ac
1036 2100 1144 2166 sedem
1169 2123 1308 2166 vacuam
1329 2105 1414 2166 iussus

315 2184 356 2249 ab
379 2207 413 2250 re
438 2207 510 2250 e1n
534 2184 662 2249 reditur.

399 2207 449 2334 2d.
493 2207 555 2334 llis
576 2270 621 2333 ita
635 2291 704 2334 sese
719 2268 920 2350 habentibus,
942 2278 1021 2332 rex³
1043 2269 1084 2332 ad
1100 2269 1266 2334 interiores
1285 2270 1414 2356 Belgicae

316 2363 423 2439 partes
444 2355 504 2418 iter
526 2362 696 2440 retorquet.
744 2353 857 2438 Ibique
888 2353 928 2418 ob
955 2350 1070 2417 multas
1092 2375 1198 2416 rerum
1227 2375 1311 2439 quac
1337 2374 1415 2418 emer·
1447 2409 1448 2414 ,

317 2447 423 2500 serant
445 2457 567 2518 causas,
591 2438 680 2520 regio
703 2435 831 2501 decreto
854 2447 885 2500 et
907 2434 1141 2522 metropolitani
1162 2438 1262 2520 iussu,
1286 2437 1414 2502 sinodus²
1446 2443 1447 2514 j

318 2519 405 2582 aud
435 2517 636 2582 Trosleium³
666 2519 814 2584 habenda
841 2519 1000 2584 indicitur.
1060 2519 1121 2584 Oui
1155 2521 1268 2586 sinodo
1299 2523 1414 2586 domnus

315 425 350 474 20
574 421 726 474 stonum
746 421 998 474 HISTORIARUM
1016 422 1128 473 LIBER
1147 422 1169 474 1.

350 2603 475 2666 eriveus
502 2602 658 2688 presedit,
687 2625 763 2687 rege
793 2625 923 2701 quoque
946 2601 1065 2667 ibidem
1089 2604 1306 2752 presidente⁴.
1346 2604 1414 2670 Ubit

239 2735 241 2741 ,
318 2705 414 2770 quam
442 2683 588 2770 plurimis
616 2707 698 2771 quae
731 2684 864 2750 utillima
892 2709 962 2752 visa
988 2698 1061 2752 sunt
1111 2690 1322 2773 etermiuatis,
1348 2687 1415 2772 regis

317 2769 499 2833 interventu
527 2771 578 2834 eth
604 2771 827 2856 episcoporum
857 2772 912 2869 qui
938 2771 1049 2835 sinodo
1077 2771 1248 2837 interfuere
1277 2791 1416 2839 consensu
1447 2775 1448 2779 ’

318 2851 454 2916 domnus
500 2852 658 2919 Heriveus
703 2852 962 2939 metropolitanus
1007 2854 1215 2921 Erlebaldum
1254 2859 1415 2943 predictum

318 2935 568 3001 Castrieensium
581 2937 729 3002 comitem
744 2939 776 3001 ai
791 2936 918 3002 vinculo
935 2941 1276 3005 excommunicationis
1288 2939 1417 3006 absolvit
1448 2971 1449 2975 =

316 3020 367 3084 Ibi
399 3021 496 3085 etiam
516 3020 654 3085 Rodulfo
682 3021 943 3086 Laudunensium
976 3024 1126 3109 episcopo
1154 3024 1321 3107 defuncto,
1349 3021 1417 3088 Ade-
1448 3051 1449 3106 3

198 3121 238 3176 ’μ
255 3102 466 3168 sralelmum*
500 3104 642 3168 eiusdem
675 3106 782 3170 urbis⁵
810 3105 1042 3171 thesaurarium
1074 3106 1172 3172 multo
1209 3110 1417 3195 episcoporum
1448 3127 1449 3192 j

317 3209 473 3254 consensu
494 3187 536 3252 ab
558 3210 633 3275 rege
655 3189 806 3254 donatum
829 3187 1045 3277 sollempniter
1066 3193 1201 3257 ordinat.

400 3273 451 3336 27.
495 3272 555 3335 His
576 3295 728 3359 prospere
750 3283 781 3338 et
801 3272 920 3339 utiliter
940 3275 1047 3360 gestis,
1068 3287 1148 3338 rex·
1176 3299 1214 3340 su
1239 3279 1343 3342 eriora
1362 3271 1418 3340 Bel·
1447 3325 1452 3363 ὦ

315 3358 428 3442 gicae⁶
444 3356 567 3442 repetit,
583 3357 689 3444 aliqua
704 3379 834 3424 suorum
849 3357 895 3422 ibi
910 3359 1113 3423 ordinaturus
1121 3361 1158 3422 **.
1220 3383 1275 3425 um
1290 3361 1418 3448 equitatu
1449 3386 1450 3418 t

390 3500 414 3566 ⁸)
435 3501 498 3552 add.
519 3503 545 3551 2.

378 3571 413 3636 ”t
435 3573 505 3635 Quid
524 3575 576 3623 sibi
594 3575 621 3622 in
641 3576 729 3624 animo
743 3577 777 3625 sit
791 3575 970 3627 Gislebertum
984 3574 1080 3628 ducem
1092 3578 1233 3641 instruens,
1253 3577 1347 3629 habitu
1360 3570 1417 3642 apul

436 3661 496 3695 eum
510 3647 699 3710 conquestione
720 3646 753 3696 de
774 3648 940 3712 quibusdam.
978 3649 1043 3700 Eius
1063 3667 1169 3717 quoque
1190 3650 1304 3702 consilio
1320 3649 1418 3702 militnm

436 3720 527 3784 copias
543 3717 697 3783 ...colligit
716 3717 756 3783 (in
866 3722 998 3786 hostilem,
1026 3722 1055 3772 ia
1082 3721 1189 3791 murm).
1237 3725 1270 3774 In
1299 3721 1419 3790 quoslibet
1449 3741 1450 3748 ¹

435 3790 512 3852 (corr.
530 3787 588 3855 eos)
608 3793 654 3856 qui
673 3791 746 3842 nulla
765 3796 913 3857 penitentia
932 3795 1005 3846 ducti
1024 3795 1059 3845 ad
1078 3811 1170 3862 regem
1191 3793 1272 3862 (corr.
1286 3795 1359 3862 sese)
1377 3806 1418 3843 non

435 3863 721 3915 redierunt........
745 3866 849 3930 adoll,
869 3868 968 3931 deta
987 3867 1131 3934 quietiora
1151 3869 1296 3936 (λψς.
1316 3863 1418 3933 scripsit·
1450 3919 1451 3924 ,

374 3969 397 4023 ι)
413 3977 461 4021 post
476 3971 526 4011 cdd.
578 3971 602 4025 b)
620 3975 681 4024 apud
697 3986 714 4014 r.
731 3976 754 4014 in
770 3987 837 4024 more.
854 3978 880 4024 13
896 3976 920 4015 in
935 3977 956 4016 tl.
1010 3975 1030 4028 c)
1047 3979 1201 4028 impetebatur
1218 3981 1239 4019 1.
1292 3977 1318 4031 d)
1334 3977 1418 4018 thnsro

313 4042 371 4072 corr.
388 4031 518 4073 Rlcherum.
579 4029 601 4084 e)
618 4034 648 4073 nt
665 4056 691 4064 -
707 4034 805 4074 donatus
820 4035 844 4073 ia
860 4035 905 4073 loco
920 4045 972 4074 raso
987 4040 1012 4074 ut
1026 4037 1117 4080 viduor.
1178 4035 1242 4088 nac
1257 4038 1297 4079 det.
1345 4035 1419 4088 ΜΨ

313 4091 343 4140 pit
359 4091 403 4130 clio
419 4095 537 4129 atramento
552 4090 576 4129 in
591 4093 636 4131 loeo
652 4097 675 4131 ut
691 4094 774 4132 videtur
789 4104 849 4132 raso.
910 4090 933 4142 h)
951 4097 974 4132 et
989 4097 1090 4135 omnium
1107 4107 1144 4146 ep.
1161 4117 1188 4126 -
1205 4107 1321 4138 consensu
1333 4099 1381 4146 post
1393 4101 1419 4132 co·

314 4151 394 4189 mitem
409 4150 489 4198 scripta
505 4153 579 4200 crant3
596 4152 699 4191 omnium
714 4152 754 4192 del.
815 4149 831 4201 i)
850 4161 863 4189 a
879 4163 901 4193 v.
917 4161 967 4194 exe.
982 4153 1006 4192 ta
1021 4165 1097 4206 mara,
1114 4167 1143 4196 ex
1158 4155 1215 4197 abac.

286 4253 287 4258 ’
390 4243 417 4310 1)
437 4241 515 4294 Plod.
543 4259 568 4294 a.
594 4245 657 4296 920.
751 4245 779 4312 2)
805 4245 882 4298 Flod.
912 4263 937 4298 a.
964 4247 1025 4301 921.
1120 4249 1150 4316 3)
1169 4249 1419 4302 Troli·sur-Aisne.

314 4313 344 4378 4)
359 4316 591 4381 proesenthlod.
666 4316 961 4386 5)zocts10d.‚qu0d
983 4321 1125 4376 ecclesiam
1145 4323 1298 4390 significare
1318 4323 1420 4376 videtur·
1449 4365 1450 4374 ,

314 4388 341 4453 6)
361 4405 472 4456 raparum
487 4387 611 4441 Letharii
627 4391 707 4443 Flod.
1449 4385 1450 4392 ἵ

1449 4565 1450 4620 t

1351 4660 1369 4733 J
