2938 5016
318 377 353 448 su
574 393 727 447 monum
746 392 1000 448 marcumunes
1019 394 1132 446 mauu
1149 395 1187 448 ru

259 580 430 630 aesomnes
452 562 584 628 sauciati
606 583 688 650 pene
710 559 911 644 deficiebant,
933 581 1008 625 cum
1029 562 1137 647 regiae
1159 559 1303 627 cohortes
1324 558 1419 624 tubis*

320 647 475 714 excitatae
507 645 549 710 ab
576 644 694 711 abditis
721 653 894 732 erumpunt
915 643 1078 731 multoque
1100 645 1223 731 impetu
1245 646 1311 710 iam
1331 665 1419 730 prope

188 753 247 801 ‘rou
265 731 412 801 convictis
446 728 637 796 subveniunt
658 738 785 815 portam
808 751 848 793 uo
880 727 1044 794 defensam
1072 727 1294 814 ingrediuntur
1319 731 1419 813 *atque

319 813 459 880 urbanos
490 813 622 879 immani
650 810 747 878 caede
778 813 974 878 aoriuntur.
1018 812 1083 893 Qud
1104 834 1182 877 mox
1202 835 1223 876 a
1251 811 1420 877 cohortibus

319 899 396 964 victi
417 919 456 962 ac
478 895 700 985 comprehensi
721 905 804 979 sunt,
834 905 941 983 preter
967 917 1088 982 paucos
1116 897 1171 982 qui
1193 897 1228 960 in
1250 897 1343 962 turris
1362 916 1419 981 pre-

320 982 437 1047 sidium
458 1003 526 1046 sese
548 989 747 1066 receperunt.

403 1066 454 1130 91.
487 1065 686 1130 Ludovicus¹
715 1085 791 1150 ergo
818 1085 878 1128 rex
907 1062 986 1128 urbe
1013 1063 1143 1149 potitus,
1165 1085 1240 1128 cum
1267 1061 1352 1128 nulla
1376 1084 1420 1126 ex-

319 1148 828 1300 stulttlhds‘thlhbffl
855 1146 1420 1318 lillilelffiixffldmsslllhl

800 1280 807 1296 ·
1414 1276 1420 1310 t

320 1341 394 1384 cum
416 1317 559 1382 exercitu
579 1314 743 1382 accelerat.
787 1313 831 1380 At
852 1313 930 1378 nihil
951 1315 1069 1379 virium
1084 1337 1214 1380 exercre
1229 1314 1348 1398 valens,
1368 1335 1422 1378 non

320 1404 388 1467 sine
410 1421 533 1466 merore
554 1399 597 1464 ad
619 1421 677 1464 sua
696 1399 788 1464 redit.
831 1397 915 1464 Illud
936 1407 1058 1464 tantum
1080 1398 1192 1464 fecisse
1216 1399 1326 1483 fertur,
1349 1397 1422 1486 quod

318 1487 388 1553 arci
408 1485 517 1572 copias
539 1483 709 1548 demiserit.

405 1571 455 1634 92.
487 1567 610 1632 Aderat
640 1577 767 1653 tempus
824 1588 865 1631 uo
898 1589 957 1632 rex
989 1567 1098 1716 copias
1129 1566 1171 1632 ab
1205 1567 1325 1632 Ottone
1358 1585 1423 1649 rege

320 1651 562 1741 prestolabatur.
598 1649 701 1716 Adest
721 1672 797 1737 ergo
842 1649 1002 1716 honradus
1046 1673 1092 1714 ux
1114 1671 1186 1715 cum
1208 1651 1354 1716 exercitu
1371 1648 1423 1713 enl

320 1745 388 1801 tota
409 1733 540 1822 Belgica
566 1733 607 1798 ab
638 1733 755 1799 Ottone
782 1756 858 1820 roge
884 1735 1010 1800 missus.
1059 1734 1242 1800 Ludovicus
1272 1755 1349 1800 vero
1375 1753 1424 1796 rex

320 1841 397 1884 cum
418 1820 561 1884 exercitu
582 1817 622 1882 de
643 1816 776 1903 Belgica
797 1817 908 1882 ducis⁰
929 1827 1047 1883 terram
1061 1817 1246 1904 ingreditur.
1293 1818 1424 1882 Primum

321 1925 397 1968 vero
433 1901 546 1966 urbem
582 1899 726 1966 Silletum
762 1901 838 1966 adit.
880 1900 932 1966 Ibi
963 1911 1070 1967 autem
1102 1903 1243 1988 primum
1277 1911 1425 1966 certamen

321 1986 439 2051 habere
460 1983 579 2068 volens,
601 1985 830 2070 impedimenta
851 2007 996 2072 quaeque
1018 1985 1060 2052 ab
1081 1985 1160 2050 urbe
1182 1995 1321 2052 amovet.
1360 1984 1424 2050 Suo-

322 2070 429 2136 cendit
455 2070 563 2155 itaque
586 2068 773 2134 suburbium
800 2070 1047 2156 circumquaque
1073 2091 1112 2134 ac
1138 2071 1212 2156 quic
1235 2069 1294 2134 uid
1321 2069 1424 2133 extrin-

322 2177 413 2220 secus
436 2163 562 2219 exstare
590 2151 759 2218 videbatur
785 2155 819 2218 in
846 2151 1020 2238 planiciem
1046 2153 1172 2240 redigit.
1256 2153 1425 2220 bsidionen

321 2239 454 2326 deputat
485 2236 598 2303 urbem
621 2259 661 2302 ue
694 2235 879 2302 circumdat
939 2236 1040 2302 Gravi
1072 2258 1244 2322 congressu
1277 2239 1425 2322 utrimque

321 2323 508 2389 dimicatum
523 2331 579 2387 est.
645 2322 782 2420 trimque
797 2321 916 2407 quamd
931 2321 1061 2408 plurimi
1076 2322 1266 2386 sauciantur.
1298 2319 1424 2404 Belgae²

321 2429 407 2489 vero,
443 2407 518 2492 quia
554 2406 594 2470 ab
631 2404 762 2470 urbams
797 2405 933 2468 nimium
961 2403 1160 2470 arcobalistis
1189 2404 1425 2492 impetebantur,

321 2493 468 2555 resistere
491 2491 666 2575 quiescunt.
705 2487 792 2552 Nihil
814 2490 900 2552 enim
922 2497 1032 2554 eontra
1052 2489 1114 2553 nisi
1135 2498 1260 2554 tantum
1276 2498 1426 2554 scutomm

322 2573 481 2638 testudine
502 2571 681 2638 utebantur.
726 2570 821 2636 Unde
841 2581 873 2636 et
892 2573 982 2658 regio
996 2573 1086 2637 iussu
1100 2571 1141 2637 ab
1157 2573 1217 2637 ead
1238 2573 1322 2639 urbe
1337 2573 1426 2636 disce-

324 2657 413 2738 dunt,
439 2676 504 2720 non
525 2654 627 2720 solum
650 2655 690 2721 ob
720 2654 983 2720 arcobalistarum
1009 2657 1177 2743 impetum,
1204 2657 1426 2722 verumetiam

323 2739 364 2805 ob
385 2740 521 2805 turrium
542 2737 750 2825 plurimarum
772 2739 1016 2804 firmamentum.

407 2822 457 2889 93.
485 2821 666 2888 Aliorsum³
686 2824 793 2910 itaque
813 2823 872 2888 iter
886 2832 1070 2910 retorquent
1085 2833 1116 2890 et
1130 2846 1232 2911 usque
1247 2823 1292 2889 ad
1306 2824 1427 2890 fluvium

323 2906 507 2993 Sequanam
529 2907 682 3005 quicquid
703 2907 794 2971 ducis
819 2908 924 2971 visum
952 2917 1000 2971 est
1026 2930 1085 3006 per
1105 2909 1147 2973 40
1168 2905 1308 2973 miliaria
1328 2910 1426 2972 immu-

322 2992 453 3056 nissime
475 2992 619 3056 insectat1
640 2999 723 3056 sunt.
773 2990 839 3055 Sed
866 3012 940 3055 oum
966 2989 1082 3056 fluvius
1110 2993 1288 3078 equitatum
1314 2991 1427 3076 regium

321 3073 453 3140 ulterius
474 3074 672 3161 prohiberet,
705 3086 782 3139 rex⁰
809 3075 929 3158 gratias
957 3076 1112 3140 exercitui
1136 3075 1242 3140 reddit
1271 3085 1305 3140 et
1332 3093 1427 3140 secum

321 3181 423 3246 usque
445 3180 507 3245 quo
530 3181 550 3224 a
571 3181 604 3223 se
626 3158 844 3224 dividerentur
857 3157 991 3224 reducit.
1034 3159 1133 3223 Dux*
1147 3169 1254 3224 autem
1269 3181 1288 3223 e
1304 3157 1427 3242 vestigio

322 3243 496 3310 exercitum
518 3241 685 3308 collectum
705 3243 740 3306 in
761 3263 883 3328 pagum
906 3239 1134 3307 Suessonicum
1155 3243 1295 3308 deducit.

406 3328 457 3394 94.
489 3327 556 3393 Ubi
577 3349 651 3392 oum
672 3327 706 3390 in
726 3347 836 3411 regem
862 3336 1037 3409 conaretur,
1065 3325 1351 3393 intervenientibus
1372 3323 1428 3408 epi-

322 3413 428 3498 scopis
456 3410 596 3478 Widone
623 3409 865 3475 Autisidorense
891 3419 923 3475 et
948 3409 1108 3496 Ansegiso
1135 3409 1327 3494 Trecasino‚
1358 3410 1428 3472 iure·

322 3495 456 3560 iurando
471 3495 568 3558 utrim
591 3517 631 3560 ue
646 3503 788 3580 accepto,
806 3493 865 3559 sub
880 3515 961 3580 pace
977 3517 1011 3559 se
1034 3504 1140 3559 uestra
1154 3517 1255 3581 usque
1270 3495 1306 3558 in
1320 3489 1429 3579 pascha

323 3580 403 3643 ratio
424 3599 534 3642 eorum
555 3516 653 3642 dhata
667 3586 723 3642 est.
758 3577 869 3658 Quae³
885 3579 992 3643 omnia
1004 3516 1087 3642 lqulio
1102 3578 1229 3644 menser
1270 3587 1342 3642 esta
1355 3581 1428 3640 sunt.

206 3667 312 3722 ⁹1²·809·
406 3661 475 3726 *9b.
508 3661 602 3741 Quo⁴
623 3663 720 3726 etiam
741 3669 806 3726 tem
831 3683 885 3726 ore
907 3661 1038 3726 sinodus
1059 3662 1181 3727 Romae
1202 3599 1316 3727 hadita
1336 3658 1429 3725 estin

323 3741 454 3809 basilica
472 3745 574 3809 sancti
588 3745 675 3810 Petri
689 3683 835 3830 apostol,
856 3744 1038 3831 presidente
1053 3745 1170 3810 domno
1185 3746 1328 3844 Agapito
1342 3762 1430 3830 papa.

322 3827 361 3893 ln
382 3848 445 3976 qua
467 3829 564 3893 etiam
592 3830 662 3914 ipse
690 3828 826 3894 domnus
852 3851 940 3916 papa
967 3828 1139 3894 concilium
1166 3838 1326 3894 anterrore
1354 3843 1429 3891 anno

323 3933 389 3999 apu
433 3911 624 3998 Angleheim
646 3912 791 3977 habitum
819 3934 927 3977 coram
954 3913 1115 4000 episcopis
1141 3912 1254 3978 Italiae
1275 3908 1430 3977 roboravit

325 4074 328 4080 ¹
382 4055 404 4108 a)
423 4067 438 4098 a
457 4057 518 4098 tubis
539 4060 559 4098 1.
640 4056 664 4109 b)
681 4061 742 4098 ext.
759 4057 785 4100 B.
807 4062 856 4109 post
876 4059 928 4101 add.
1009 4055 1030 4110 o)
1052 4060 1077 4099 in
1097 4057 1162 4098 ducis
1182 4059 1202 4098 1.
1279 4056 1302 4110 d)
1323 4061 1373 4106 post
1388 4051 1431 4093 odd·

322 4115 345 4168 s)
363 4117 409 4158 dux
426 4118 446 4159 1.
506 4115 629 4168 stringunt
641 4120 746 4167 ternpore
763 4117 783 4157 1.

399 4219 427 4286 l)
447 4220 595 4287 Sequentia
614 4237 647 4272 ex
665 4219 743 4272 Flod.
820 4219 848 4286 2)
868 4219 943 4282 Quae
956 4225 1102 4288 sequuntur
1121 4217 1198 4271 addit
1216 4220 1357 4272 Richerns.
1388 4216 1430 4267 hr-

326 4293 473 4344 cobalistae
492 4294 544 4345 hoc
563 4295 676 4360 primum
695 4292 756 4344 loco
775 4299 962 4346 memorantur.
1025 4291 1055 4360 3)
1075 4293 1152 4345 Haec
1171 4309 1279 4361 quoque
1299 4289 1433 4344 Richeru's.

325 4363 355 4431 4)
374 4365 418 4416 Ad
437 4365 618 4418 Flodoardum
637 4365 715 4418 redit.
