2938 5016
309 408 326 456 4
572 399 726 454 RICHERI
745 399 997 454 Htsrosmaun
1016 399 1127 452 LIBER
1146 400 1169 450 1.

309 571 471 658 principes
503 571 602 634 nimia
633 591 739 634 rerum
771 567 920 654 cupidine
953 588 1021 631 sese
1053 566 1158 653 preire
1190 565 1412 647 contenderent,
1456 491 1463 653 l

310 657 444 741 quisque
465 662 501 718 ut
520 663 647 754 poterat
667 675 735 717 rem
756 651 920 717 dilatabat.
963 651 1066 715 Nemo
1083 653 1189 736 regis*
1209 652 1412 736 provectum,
1458 649 1465 731 ,s

188 758 230 814 ‘a
247 761 299 803 uro.
308 760 402 804 nemo
426 742 538 823 *regnr
564 735 695 802 tutelam
718 736 880 823 querebat.
923 734 1039 800 Aliena
1068 734 1108 799 ad
1134 735 1237 800 uirere
1267 757 1412 798 summm

309 823 426 908 cuique
448 833 524 887 erat.
563 821 631 886 Nec
653 843 721 886 rem
743 843 834 884 suam
855 819 1031 906 provehere
1052 818 1126 884 vide
1151 828 1231 900 atur,
1255 820 1311 906 qui
1332 817 1413 883 alieni

308 905 430 992 aliquid
451 927 516 970 non
537 905 685 970 addebat.
721 903 817 970 Unde
832 914 864 968 ct
879 903 1020 968 omnium
1035 903 1207 968 concordia
1220 904 1254 966 in
1269 925 1413 966 summan

309 989 503 1055 discordiam
520 987 647 1076 relapsa
662 999 718 1054 est.
756 988 841 1052 Hinc
857 987 1061 1074 direptiones,
1082 985 1158 1050 hinc
1172 987 1332 1070 incendia,
1351 987 1413 1050 hinc
1460 1049 1461 1056 ,

308 1097 415 1139 rerum
444 1075 648 1160 pervasiones
676 1084 856 1138 exarsere⁰.
899 1071 990 1152 Quae
1013 1093 1086 1135 cum
1108 1071 1340 1136 immanissime
1360 1071 1413 1156 agi·

308 1169 459 1240 tarentur,
505 1158 604 1224 iratae
614 1170 635 1240 ¹,
680 1157 714 1220 ui
735 1155 992 1221 Rhodomensem
1013 1155 1213 1240 provinciam
1234 1151 1414 1234 incolebant,
1464 1183 1465 1189 ¹

310 1265 392 1328 quae
414 1251 463 1307 est
481 1181 624 1307 lielticae
680 1239 772 1304 alliae
794 1261 880 1326 pars,
902 1237 1072 1304 adrerum
1094 1239 1328 1304 immanitatem
1349 1238 1413 1302 inci-

308 1335 423 1392 tantur.
467 1325 559 1390 Haec
584 1346 663 1410 gens
685 1322 726 1388 ab
749 1323 860 1388 insulis
888 1323 1000 1387 oceani
1029 1321 1305 1408 septentrionalisd
1327 1343 1414 1388 remo·
1456 1299 1465 1358 ⁸*

177 1420 236 1466 “01-
254 1410 441 1478 tutioribus
464 1409 520 1474 diu
540 1418 613 1474 ante
635 1409 767 1474 exierat.
812 1407 893 1472 *Ete
923 1429 981 1492 per
1009 1408 1111 1471 maria
1139 1405 1276 1472 errando
1304 1405 1414 1471 classed

308 1495 452 1576 devecta,
483 1515 640 1558 surnmam
668 1491 751 1556 hanc
774 1490 951 1556 Galliarum
973 1501 1098 1577 partem
1120 1492 1278 1576 attigerat.
1324 1489 1415 1575 Saepe

309 1600 436 1665 quoque
459 1601 530 1642 eam
552 1579 649 1640 armis
671 1577 844 1663 impetivit,
874 1595 969 1662 saepe
992 1576 1087 1640 etiarn
1110 1597 1130 1638 a
1152 1585 1254 1640 terrae
1276 1573 1415 1661 principi-

308 1663 368 1726 bus
391 1661 517 1726 devicta
540 1661 699 1725 occubuit.
744 1660 839 1740 Quod
861 1681 934 1723 cum
956 1657 1118 1724 multoties
1140 1661 1222 1723 inter
1237 1681 1307 1724 sese
1322 1681 1416 1722 move·

308 1753 393 1828 rent,
426 1745 531 1808 visum
558 1743 620 1808 fuit
646 1741 770 1808 Galliae
799 1743 999 1830 primatibus,
1033 1753 1069 1808 ut
1097 1743 1181 1808 dono
1208 1765 1321 1829 regum
1347 1742 1415 1806 haec

308 1829 477 1915 provincia
505 1828 535 1891 ei
563 1827 796 1910 conferretur²;
830 1829 875 1892 ita
900 1835 1018 1910 tamen,
1050 1837 1095 1910 ut,
1124 1826 1272 1892 idolatria
1301 1828 1416 1913 penitus
1464 1884 1465 1892 ,

308 1912 430 1994 relicta,
458 1910 648 1976 christianae
675 1910 821 1996 religioni
849 1935 882 1977 se
911 1911 1047 1976 fideliter
1079 1912 1277 1997 manciparet
1303 1931 1417 1976 necnon
1455 1889 1465 1974 l

310 2007 342 2062 et
375 1995 506 2081 regibus
543 1994 721 2060 Galliarum
752 2005 837 2060 terra
878 1997 1022 2082 marique
1058 1995 1214 2061 fideliterd
1250 1991 1416 2060 militarat
1455 1970 1461 2077 Ι

308 2081 414 2146 Huius
436 2080 620 2167 provinciae
642 2079 825 2166 metropolis
836 2079 1039 2144 Rhodomum
1061 2101 1131 2143 esse
1154 2078 1340 2160 dinoscitur,
1367 2099 1416 2143 sex
1455 2081 1465 2154 3}

309 2175 434 2230 tantum
452 2162 595 2247 urbibus,
611 2164 740 2228 Baiocis
755 2161 914 2245 videlicet,
930 2164 1139 2245 Abrincanto,
1154 2163 1299 2245 Ebrocis,
1317 2163 1415 2246 Sagio,
1456 2153 1460 2230 l

310 2249 525 2332 Constantiae,
546 2249 685 2330 Lisoior,
707 2249 773 2312 vim
790 2270 866 2313 suae
881 2247 1105 2312 dominationis
1120 2247 1297 2312 intendens.
1331 2247 1416 2311 Hanc

308 2334 352 2398 ita
376 2357 416 2399 ue
431 2356 473 2398 ex
487 2333 619 2420 antiquo
634 2333 675 2396 ad
690 2333 824 2419 piratisd
863 2343 1041 2396 ossessamss
1055 2353 1133 2414 esse,
1148 2331 1354 2396 manifestum
1368 2340 1416 2394 est.

310 2355 376 2482 Sed
404 2427 538 2516 paterna
562 2418 660 2482 tuncd
682 2417 794 2482 sevitia
824 2354 943 2496 dlictil,
976 2416 1011 2478 in
1042 2416 1203 2501 principes
1236 2414 1417 2480 dissidentes
1456 2420 1465 2479 '³]

308 2500 412 2564 molirr
439 2510 602 2564 conantur.
646 2499 741 2564 Unde
763 2510 795 2564 et
815 2499 988 2563 latrociniis
1009 2521 1049 2564 ac
1071 2495 1322 2564 discursionibus
1345 2499 1418 2563 Brit·
1459 2499 1465 2580 ἶ,

308 2585 451 2646 tanniam
472 2584 638 2664 minorem,
662 2605 744 2668 quae
767 2591 815 2646 est
836 2582 960 2648 Galliae
983 2585 1134 2668 contigua
1155 2595 1251 2682 atque
1276 2583 1417 2660 militans,
1464 2644 1465 2650 ,

309 2667 457 2730 infestare
479 2666 718 2750 aggrediuntur.
761 2667 885 2752 Reique
909 2669 1110 2732 occasionem
1131 2678 1226 2746 nacti,
1253 2667 1352 2731 fidem
1372 2689 1417 2752 pe·

202 2765 260 2810 ·r01.
277 2771 298 2810 e.
309 2751 394 2815 nitus
427 2748 621 2834 abrumpunt
652 2747 848 2836 ulteriusque
903 2750 1059 2814 recedunt
1086 2752 1121 2814 in
1151 2749 1300 2816 Galliam.
1357 2751 1418 2814 *Ac

237 2831 298 2870 ⁰⁰³³·
310 2835 559 2919 circumquaque
585 2832 738 2919 palantes,
766 2831 862 2919 longe
880 2773 1016 2922 lateque
1038 2833 1267 2918 diffunduntur,
1295 2835 1418 2900 femina-

309 2939 390 2998 rum,
412 2938 594 3002 puerorum,
616 2915 776 3002 pecudum
795 2928 1037 3004 ceterarumque
1052 2941 1158 2983 rerum
1179 2941 1245 2984 non
1266 2919 1419 2983 modicam

308 3001 443 3088 predam
478 2999 682 3065 abducentes.
738 3001 963 3086 Recipiunturi
992 3024 1067 3066 vero
1096 3025 1169 3066 cum
1198 3003 1248 3067 his
1278 3001 1419 3067 omnibus

309 3107 401 3150 secus
424 3084 608 3170 Sequanam
636 3084 707 3148 loeo
759 3086 793 3149 ui
822 3084 952 3150 Givoldi
983 3086 1090 3150 fossa4
1118 3097 1332 3174 nuncupatur.
1376 3084 1418 3149 Ac

308 3168 393 3233 idem
408 3169 516 3254 sepius
531 3169 684 3267 aggressi,
707 3167 758 3232 Ga
770 3168 830 3233 liae
847 3168 986 3234 Celticae
1001 3178 1134 3256 partem,
1158 3194 1240 3258 quae
1257 3170 1419 3258 Sequanae
1460 3235 1461 3240 γ

308 3252 480 3339 Ligerique
507 3251 614 3316 fiuvfis
640 3253 813 3336 interiacet,
868 3255 950 3318 uae*
979 3264 1011 3318 et
1037 3254 1186 3320 Neustria
1212 3265 1419 3341 nuncupatur,
1460 3243 1461 3280 l

308 3346 407 3402 totam
421 3359 504 3422 pene
518 3337 666 3401 insectati
680 3339 784 3402 suntl.
828 3275 988 3424 *iusquel
1003 3339 1110 3403 animo
1126 3341 1237 3420 inerat,
1260 3340 1420 3404 interiores

309 3419 486 3485 Galliarum
516 3432 622 3506 partes
649 3423 826 3508 irrumpere
855 3443 1029 3508 earumque
1050 3435 1161 3507 gentes
1189 3432 1246 3489 aut
1266 3446 1286 3487 a
1308 3423 1419 3486 finibus

307 3502 424 3590 pellere
450 3514 507 3568 aut
532 3506 732 3589 gravissimis
755 3505 946 3570 substituere
968 3506 1105 3571 tributis.
1148 3505 1188 3571 Id
1210 3507 1308 3571 etiarn
1329 3503 1420 3570 anted

382 3647 405 3712 ¹)
427 3666 453 3714 q.
474 3653 500 3698 et
518 3649 551 3698 N.
571 3664 597 3698 n.
617 3648 681 3698 add.
702 3649 727 3700 2.
1458 3636 1465 3828 ιι

367 3771 389 3825 a)
407 3775 467 3823 reste
482 3785 538 3814 corr.
554 3775 612 3826 eius,
625 3779 676 3824 poet
690 3776 782 3816 restituit
799 3777 819 3816 Β.
866 3774 890 3828 b)
907 3777 1027 3816 commoda
1044 3778 1064 3818 1.
1110 3775 1131 3828 c)
1148 3787 1257 3820 exarsere
1267 3801 1293 3810 —
1308 3778 1421 3820 exieret2

306 3833 451 3874 inlocorasc.
490 3831 513 3885 d)
526 3835 634 3882 poetadd.
680 3832 702 3886 e)
718 3835 820 3874 nt-rn
829 3834 930 3876 Gelliam
950 3835 974 3874 in
995 3836 1094 3875 eramala
1107 3841 1158 3885 post
1173 3838 1263 3887 adjecta.
1309 3836 1422 3889 o-rent

306 3903 364 3932 corr.
383 3896 451 3933 —ret
513 3890 535 3942 g)
550 3904 656 3942 possessa
672 3898 707 3935 est
721 3905 777 3936 corr.
792 3899 816 3932 at
831 3895 863 3934 ed.
923 3891 946 3944 h)
964 3895 1027 3933 ducti
1045 3917 1070 3925 -
1088 3894 1229 3936 Galliamr'n
1245 3898 1361 3937 locorum
1377 3895 1422 3936 eliis

306 3951 385 3992 deletis.
439 3949 456 4002 1)
473 3952 662 4001 reciplunturque
679 3955 700 3993 1.
752 3952 776 4004 k)
790 3953 859 4002 plura
874 3963 944 3993 erasa.
1005 3951 1022 4003 1)
1039 3953 1081 3993 His
1098 3956 1118 3994 1.

382 4081 410 4150 1)
429 4084 447 4134 i.
469 4083 673 4146 aldermanni,
702 4085 748 4149 qui
771 4088 836 4133 tunc
866 4083 983 4133 nondum
1009 4083 1187 4150 Rotomagum
1220 4085 1312 4154 adepti
1343 4092 1423 4138 erant
1462 4061 1463 4146 l

307 4154 336 4220 2)
355 4157 398 4206 De
412 4162 491 4224 pacto
506 4173 566 4208 cum
579 4156 692 4208 Rollone
713 4156 781 4206 duee
795 4172 819 4206 a.
830 4157 892 4206 911.
912 4157 984 4207 iacto
1003 4156 1078 4222 loqui
1096 4159 1209 4222 videtur,
1228 4176 1316 4211 rerum
1337 4165 1422 4227 gesta-

306 4243 364 4279 rum
384 4230 504 4280 ordinem
523 4229 603 4280 valde
622 4229 740 4280 turbans.
779 4229 856 4289 Quod
881 4230 933 4280 hoc
958 4229 1020 4280 loco
1046 4237 1106 4296 post
1124 4233 1224 4284 inserto
1243 4233 1350 4285 factum
1370 4247 1423 4286 esse

306 4307 389 4367 patet.
464 4304 493 4370 3)
511 4302 601 4354 Hodie
620 4304 740 4368 Bayeux,
760 4301 924 4365 Avrancher,
943 4303 1059 4365 Rursus,
1080 4303 1148 4355 seez
1167 4304 1262 4373 (prope
1282 4305 1424 4374 Aleneon),

308 4373 468 4441 Contancee,
487 4377 606 4426 Lisieux.
681 4372 710 4436 4)
731 4372 857 4437 Gefosse3
878 4375 911 4426 cf.
930 4375 1068 4426 Prudentii
1087 4377 1197 4430 anrrules
1216 4395 1239 4431 a.
1260 4379 1325 4432 856.
