2938 5016
307 357 346 408 VI
555 354 707 406 RIGHERI
726 355 977 407 HISTORIARUM
996 355 1097 406 LIBRI
1119 351 1187 404 1111.

308 522 509 588 Adalberoui
531 524 774 608 archiepiscopo
797 547 817 586 a
841 523 988 587 consiliis
1010 531 1096 602 esset,
1120 530 1214 607 atque
1235 520 1402 598 itineribus,

308 608 451 693 epistolis
473 617 501 670 ct
522 609 709 692 maqisterio
732 609 864 672 summis
877 611 913 694 in
931 605 1053 687 Gallia,
1077 604 1258 670 Germania
1273 613 1300 666 et
1313 601 1402 666 Italic

308 694 390 756 uiris
408 691 646 776 familiaritate
661 694 869 778 junqeretur,
900 695 1054 776 optimam
1076 691 1196 776 juveni
1223 711 1331 752 rerum
1361 689 1404 751 sui
1451 719 1452 732 κ

308 785 368 840 tem
394 778 460 841 oris
492 777 787 860 coquosceudarum
823 786 852 839 et
881 775 1191 922 perspiciendarum
1219 770 1403 857 facultatem

309 861 347 924 de
375 862 407 922 it.
451 860 579 924 Medias
601 870 707 923 tumen
727 861 812 922 iuter
833 869 888 922 tur
908 869 955 940 as,
1000 881 1062 922 reae
1083 856 1283 921 Karolorum
1304 877 1403 920 casum

308 953 337 1007 et
358 946 435 1009 novi
456 946 552 1030 requi
573 946 673 1008 initia
695 944 942 1024 comitabantur,
965 883 1126 1006 Illaberus
1142 943 1209 1005 arti
1222 939 1363 1005 medicae
1380 961 1403 1000 se

309 1029 450 1103 addiscit,
480 1051 577 1114 quam
606 1051 669 1112 quo
699 1028 806 1091 studio
828 1030 869 1091 sit
892 1025 1069 1111 amplexus,
1097 1049 1137 1092 ea
1153 1024 1311 1111 plurimis
1332 1045 1404 1086 mor·

308 1112 420 1176 borum
443 1112 716 1210 descriptionibus
739 1114 830 1195 operi
851 1113 1004 1176 insertis¹
1028 1108 1202 1196 colliqitur.
1236 1109 1332 1172 Anno
1344 1107 1403 1171 991.

298 1219 413 1261 mense
443 1197 565 1259 Martio
599 1197 639 1259 ab
670 1198 773 1260 amico
804 1195 1024 1276 Heribrando,
1056 1195 1188 1274 medico,
1224 1191 1405 1258 Carnoteusi

309 1279 433 1362 clerico,
455 1279 569 1344 litteris
584 1290 613 1344 et
626 1280 731 1380 leqato
748 1281 931 1362 arcessitus,
950 1278 1126 1344 Carnutum
1142 1279 1236 1358 adiit,
1253 1277 1309 1341 ubi
1325 1274 1405 1361 apud

308 1387 447 1451 maqnae
473 1363 679 1428 liberalitates
707 1373 734 1428 et
763 1366 916 1429 scientiae
943 1365 1051 1426 cirum
1074 1365 1289 1448 Hippocratis
1317 1361 1405 1446 aplo-

308 1451 424 1513 rismos
454 1457 482 1510 et
508 1447 625 1512 librum
655 1449 693 1512 de
719 1449 896 1513 concordia
920 1449 1135 1532 Hippocratis
1159 1445 1279 1510 Gabeni
1301 1454 1330 1508 et
1352 1443 1404 1508 Su-

307 1534 399 1598 riani
421 1533 601 1596 studiosius
630 1531 761 1614 evoloit;
792 1534 886 1616 cujus
909 1534 1043 1596 itineris
1073 1531 1234 1596 molestias
1262 1532 1332 1614 ipse
1361 1549 1404 1591 eu-

305 1618 418 1700 posuit
427 1626 448 1678 ².
491 1614 595 1679 Paulo
613 1626 691 1701 poet
712 1639 794 1698 cum,
817 1615 972 1700 Aruulfo,
995 1616 1212 1680 Adalberouis
1229 1635 1405 1676 successore.

308 1701 462 1784 deposito,
497 1698 669 1763 Gerbertus
697 1723 809 1786 requm
839 1701 992 1785 Hisponis
1019 1710 1047 1762 et
1074 1699 1228 1776 Ilotberti,
1261 1697 1344 1760 disci
1368 1694 1406 1757 uli

308 1785 371 1864 sui,
383 1783 507 1867 favore
523 1785 839 1868 archiepiscopatum
854 1785 1040 1848 Remensem
1055 1785 1254 1868 suscepisset,
1276 1721 1405 1845 Riobero

309 1868 463 1931 bistoriae
487 1865 657 1932 Gallorum
678 1869 929 1932 conscribendae
953 1877 1066 1932 auctor
1085 1867 1202 1952 factus
1223 1875 1277 1930 est.
1323 1862 1407 1938 Quod

308 1951 437 2036 quidem
458 1973 576 2015 mustus
598 1952 644 2016 ‘ob
667 1973 822 2016 sunumam
845 1974 944 2036 quam
967 1950 1082 2036 afferre
1104 1951 1275 2014 videbatur
1296 1949 1406 2014 utilita-

308 2044 368 2098 tem
400 2044 428 2098 et
458 2038 614 2100 materiae
647 2036 820 2100 ubertatem
849 2059 883 2100 eo
918 2037 1023 2100 animi
1055 2037 1132 2099 nisu
1166 2035 1317 2133 suscepit,
1351 2051 1406 2116 qua

302 2119 448 2205 jubentis
474 2121 561 2182 mira
591 2119 804 2184 beniuolentia
832 2143 863 2182 se
890 2121 1048 2205 pertrabi'
1072 2119 1182 2198 dicits,
1214 2120 1406 2202 triennioque

310 2201 454 2268 absoluit.
498 2201 667 2289 Siquidem
690 2206 790 2268 annis
811 2202 883 2267 995.
899 2213 927 2266 et
941 2202 1012 2266 996.
1028 2203 1152 2267 litteras
1168 2203 1212 2265 ad
1229 2199 1406 2265 Gerbertun

197 2305 234 2360 ’μ
250 2290 402 2372 ecooperi
420 2286 600 2372 praefices,
624 2288 803 2352 *librumL
826 2297 854 2352 et
875 2287 953 2351 libri
967 2287 1012 2350 ΙΙ.
1036 2290 1150 2372 capita
1168 2285 1279 2366 1-78,
1302 2284 1407 2370 quibus

308 2373 447 2436 bistoria
469 2394 569 2456 usque
592 2373 637 2436 ad
659 2396 784 2436 annum
801 2371 872 2437 948.
920 2371 1097 2451 erducitur,
1120 2370 1323 2453 conscripsit,
1345 2367 1407 2430 reli·

329 2479 375 2520 ua
397 2455 474 2519 libri
496 2457 539 2519 ll.
563 2480 602 2520 ca
627 2459 684 2538 ita,
706 2455 824 2521 librum
845 2457 907 2519 II.
930 2466 958 2520 et
981 2457 1002 2518 I
1006 2456 1037 2520 V.
1061 2456 1231 2520 historiam
1254 2473 1406 2516 annorum

309 2481 484 2603 948-995.
507 2481 696 2624 complicas,
720 2542 819 2604 anuis
840 2539 1017 2605 996-998.
1033 2540 1201 2604 addidisse
1217 2547 1246 2602 et
1259 2546 1327 2600 tum
1343 2557 1406 2621 quo·

310 2647 369 2772 quq
391 2632 489 2739 totuqm
505 2645 586 2710 opus
601 2633 792 2688 retractasse
815 2623 1022 2710 ultimamque
1044 2626 1221 2688 cimanum
1236 2623 1406 2686 admovisse

309 2709 343 2772 oi
367 2716 470 2772 etur.

395 2789 572 2857 Consilium
595 2801 622 2856 et
643 2793 802 2856 rationem
825 2793 932 2876 operis
948 2793 1018 2877 ipse
1030 2790 1208 2876 praefatus
1223 2792 1271 2854 ita
1310 2789 1405 2853 rodit:

307 2873 397 2940 Bella
418 2873 553 2940 aGallis
575 2885 699 2974 petreia
719 2876 887 2962 variosque
910 2897 1020 2940 eornm
1040 2874 1193 2939 tumultus
1215 2895 1253 2937 sc
1298 2875 1406 2936 iversss

307 2960 507 3045 negotiorum
529 2971 665 3024 rationes
680 2959 721 3023 sd
736 2962 921 3024 memoriam
936 2959 1087 3024 reducere
1104 2959 1221 3044 scripto
1238 2955 1407 3043 specialiter

308 3045 505 3128 propositum
527 3053 582 3108 cst.
627 3043 662 3108 Si
684 3064 747 3130 qua
766 3065 842 3108 vero
865 3042 999 3107 aliorum
1021 3044 1198 3123 efferantur,
1221 3040 1261 3105 ob
1277 3039 1406 3105 inciden-

308 3137 355 3190 tes
377 3128 523 3207 rationes,
547 3149 627 3213 quae
650 3127 743 3190 vitari
762 3149 827 3191 non
854 3137 1033 3213 potuerunt,
1061 3127 1094 3191 id
1116 3126 1259 3192 evenisse
1280 3133 1407 3210 putetur.

309 3210 445 3274 Initium
468 3215 575 3295 operis
598 3212 638 3276 ab
654 3235 689 3276 eo
704 3221 842 3297 tempore
864 3214 986 3293 sumsit,
1009 3235 1071 3300 quo
1088 3213 1291 3276 Hincmarus
1309 3229 1406 3273 anna-

308 3295 393 3360 libus
426 3298 496 3370 suis
518 3295 621 3378 finem
653 3297 787 3361 dederat
797 3309 818 3360 ⁵.
863 3297 905 3360 Et
932 3320 1004 3362 oum
1024 3321 1089 3382 per
1116 3305 1240 3362 centum
1273 3292 1407 3379 amplius

310 3403 414 3444 annos
435 3380 553 3445 librum
576 3381 799 3446 deducendum
816 3389 1023 3481 proponeret,
1044 3380 1131 3447 Julii
1149 3379 1301 3445 Caesaris
1316 3397 1407 3440 euen-

303 3464 363 3548 plo
387 3489 408 3527 a
430 3466 591 3529 divisione
612 3465 707 3529 Orbis
730 3475 758 3527 et
780 3466 994 3548 descriptione
1011 3463 1139 3528 Galliae
1158 3461 1407 3548 populorumque

309 3569 380 3610 eam
401 3546 609 3611 incolentium
631 3559 804 3628 emersust,
828 3549 997 3612 historiam
1026 3547 1149 3610 Odonis
1171 3556 1199 3610 et
1220 3546 1339 3612 Karoli
1359 3540 1406 3608 IV.

385 3669 411 3738 1)
433 3688 455 3722 e.
469 3689 496 3737 g.
510 3673 532 3732 1,
549 3674 590 3722 11.
607 3673 649 3724 13.
666 3672 707 3722 18.
722 3673 765 3724 49.
777 3673 819 3722 56.
832 3674 875 3723 66.
896 3675 934 3736 11,
944 3675 989 3726 37.
1002 3673 1046 3724 46.
1060 3673 1232 3725 59.99.103.
1252 3674 1306 3737 III,
1319 3674 1360 3722 1s.
1371 3669 1407 3718 96.

312 3746 372 3796 109.
409 3746 455 3807 Ν,
470 3745 495 3796 b.
506 3745 548 3795 24.
560 3747 595 3796 50
606 3762 664 3812 sqq.
684 3747 728 3796 94.
803 3743 831 3812 2)
852 3748 898 3808 IV,
918 3747 961 3798 50.
1035 3744 1065 3812 3)
1081 3747 1219 3812 Prologus.
1294 3745 1323 3812 4)
1339 3747 1408 3797 Hsec

310 3819 372 3869 inde
392 3817 488 3883 efficio,
514 3819 593 3884 qnod,
620 3836 679 3870 cnm
704 3821 775 3885 prior
788 3822 874 3885 operis
888 3835 948 3886 pere
962 3825 1108 3872 atramento
1128 3821 1211 3887 fusco,
1231 3820 1335 3886 reliqua
1354 3816 1407 3870 inde

310 3908 327 3942 s
343 3893 430 3958 capite
446 3893 489 3941 ts.
509 3892 569 3942 libri
588 3893 624 3942 11.
646 3893 765 3957 nigriori,
785 3909 836 3959 quo
857 3899 883 3944 et
903 3895 1081 3945 correctiones
1101 3893 1327 3945 stabilitamenta
1346 3894 1409 3960 prio-

309 3967 345 4016 ris
364 3967 457 4032 pertis,
487 3968 637 4030 conscripta
656 3969 715 4032 sint,
737 3965 831 4016 eedem
850 3969 989 4017 stramenti
1009 3967 1150 4019 diversitas
1169 3969 1196 4017 in
1215 3969 1316 4018 notitiis
1336 3967 1407 4017 histo-

309 4040 371 4090 ricis
391 4038 540 4101 offenditur,
570 4054 638 4104 quae
658 4039 766 4089 ultimae
787 4039 888 4091 codicis
907 4042 1022 4106 paginae
1042 4057 1058 4090 s
1076 4042 1191 4092 Richero
1210 4039 1312 4103 illatae,
1339 4052 1406 4108 prse-

311 4114 389 4179 cipus
402 4128 529 4162 annorum
542 4113 603 4163 995.
618 4118 645 4163 et
658 4113 718 4162 996.
735 4114 805 4164 laeta
824 4121 970 4165 stramento
990 4115 1063 4165 lusco
1084 4120 1111 4165 et
1129 4115 1174 4164 rix
1191 4113 1316 4178 legendo,
1338 4110 1407 4180 quale
1456 4163 1457 4172 ,

309 4187 338 4235 in
357 4189 442 4252 prims.
461 4194 535 4252 parte
560 4187 647 4252 operis
671 4188 793 4250 occurrit,
820 4187 924 4253 relique
951 4203 1078 4239 annorum
1107 4186 1278 4238 996-998.
1298 4183 1407 4253 nigriori.
1455 4193 1457 4272 q

311 4260 384 4324 quali
397 4260 499 4326 reliqna
515 4261 602 4325 operis
616 4265 643 4310 et
659 4262 835 4312 correctiones
850 4262 1080 4328 conscriptarum,
1101 4261 1234 4314 exhibent.
1310 4261 1339 4328 b)
1353 4261 1409 4310 Pro·
1456 4285 1457 4330 r

311 4332 397 4397 logus.
473 4334 501 4398 6)
520 4333 624 4396 Lib.1,
648 4334 743 4385 1-3.
1456 4335 1457 4342 ’
