2936 5010
280 437 432 490 RICHERI
451 435 702 490 HISTORIARUM
717 437 829 490 LIBER
847 438 913 490 1111.
1098 439 1150 489 149

10 615 12 660 t
52 605 146 690 ponite
174 605 349 687 dexteram,
378 605 475 670 fidem
504 615 614 670 contra
641 627 750 670 omnes
779 628 794 669 s
819 606 942 671 ondete.
992 607 1083 673 Exco
1106 609 1150 673 tio
1161 627 1211 671 161.

10 697 13 742 i
51 687 124 752 nulla
144 689 210 768 erit,
232 691 260 752 si
281 687 378 754 vultis
400 689 479 754 mihi
508 711 613 754 comes
641 690 728 755 fieri'.
810 713 827 754 6
857 691 906 754 sui
933 692 1001 755 voti
1029 629 1151 776 avidus,

52 773 190 859 quicquid
212 776 372 859 expetitur
393 773 539 860 spondet.
572 775 698 860 8111161ει
712 783 822 838 sancta
837 773 983 839 dextram
997 777 1152 858 extendit,

51 880 105 921 non
123 859 241 922 veritus
270 858 375 922 iurare
426 857 628 944 uodcumque
653 859 853 957 propositum
878 860 947 923 fuit.
996 859 1092 924 Unde
1121 870 1153 925 et

10 949 12 968 ²
51 942 158 1005 cunctis
190 941 347 1025 credulus,
379 881 457 1005 mihi
485 951 649 1028 suspectus
676 942 745 1006 furt.
798 943 837 1007 ln
864 941 950 1007 nullo
976 966 1017 1007 ne
1041 944 1106 1008 otio
1132 966 1152 1008 a

9 1049 12 1100 j
51 1047 163 1174 proque
183 1026 311 1091 vitatur.
348 1026 400 1090 Dc
421 1025 500 1090 urbe
522 1024 695 1090 munienda
715 1028 785 1112 ipse
809 1028 913 1114 querit
933 1035 965 1091 et
986 967 1150 1092 deliberat.

77 1111 188 1173 mnium
210 1133 340 1174 causam
361 1111 548 1174 sciscitatur.
585 1111 648 1174 Pro
671 1111 818 1175 omnibus
841 1109 1006 1176 consultat.
1043 1112 1152 1193 Quare

49 1194 163 1278 ignotus
185 1196 338 1259 cunctosb
359 1194 459 1259 latuit.

194 1332 246 1396 47.
290 1331 562 1419 (16111111611611116ο
582 1332 695 1397 Karoli
716 1331 756 1396 ab
778 1331 991 1400 Adalberone.

120 1435 244 1500 Interea
272 1457 346 1499 cum
372 1434 485 1499 Karoli
512 1457 703 1521 suorumque
729 1434 872 1499 habitum
900 1437 1026 1522 penitus
1071 1437 1154 1500 ervi-

51 1518 144 1599 disset,
178 1542 247 1583 sese
276 1519 372 1582 etiam
398 1518 479 1582 nulli
508 1542 575 1584 esse
605 1542 658 1583 sus
684 1528 796 1600 ectum,
830 1519 919 1584 dolos
946 1519 1036 1583 multi
1050 1520 1152 1584 ariam

50 1602 252 1686 pretendebat,
274 1614 309 1668 ut
331 1613 362 1667 et
383 1603 496 1667 urbem
518 1602 579 1667 sibi
600 1543 746 1668 redderet
767 1613 798 1668 et
818 1602 974 1667 Karolum
995 1604 1064 1690 regi
1078 1625 1151 1689 cap-

50 1697 105 1749 tum
125 1687 271 1752 traderet.
315 1685 428 1750 Karoli
449 1688 556 1772 itaque
586 1687 744 1773 colloquio
773 1690 872 1752 utitur
899 1689 1035 1773 saepius,
1063 1687 1152 1752 heni-

49 1770 204 1834 volentiam
232 1771 354 1858 profert
374 1770 520 1856 amphus.
564 1771 642 1835 Sese
665 1793 801 1857 quoquc,
824 1773 851 1834 si
872 1782 1025 1859 oporteat,
1048 1794 1151 1836 sacra-

50 1856 149 1918 mentis
178 1857 282 1940 magis
312 1856 390 1919 strin
413 1855 531 1919 endum
562 1856 668 1938 offert3
697 1865 785 1920 tanta
813 1855 939 1920 cautela
970 1854 1151 1920 calliditatis

10 1975 11 1978 =
49 1960 121 2020 usus,
141 1948 176 2003 ut
198 1940 326 2003 omnino
349 1877 457 2003 dolum
479 1938 688 2003 simulationis
710 1939 813 2004 661616
844 1939 1012 2005 obvelaret.
1056 1940 1153 2005 Unde

50 2043 112 2085 cum
131 2033 223 2088 nocte
246 2023 384 2109 quadam
405 2023 487 2086 inter
509 2023 687 2087 cenandum
705 2023 813 2087 hilaris
827 2025 988 2106 resideret,
1010 2024 1150 2088 Karalus

10 2167 11 2176 ἢ
49 2115 187 2171 craterem
209 2129 349 2188 aureum,
370 2109 404 2170 in
426 2129 488 2193 quo
511 2129 627 2192 panem
653 2107 825 2193 infregerat
854 2110 994 2194 vinoque
1031 2117 1150 2192 tempe-

49 2202 169 2266 raverat,
192 2201 312 2272 tenens,
334 2202 407 2277 post
428 2190 562 2255 multum
578 2192 751 2276 cogitatum
766 2193 796 2254 ei
811 2190 938 2256 obtulit:
961 2192 1151 2273 ‘Quoniam’,

9 2321 10 2332 ,
48 2274 189 2359 inquiens,
212 2281 264 2338 ‘ex
284 2286 413 2361 patrum
435 2275 569 2338 decretis
591 2273 714 2359 palmas
736 2283 768 2338 et
784 2274 912 2339 frondes
926 2274 1021 2338 hodie
1037 2275 1149 2338 sancti-

49 2356 170 2422 lioastisl
204 2370 300 2445 atque
331 2359 478 2444 plebemd
512 2359 608 2423 sacris
636 2357 911 2422 benedictionibus
940 2359 1149 2422 consecrastis

47 2443 188 2530 nobisque
221 2443 427 2508 eukaristiam
466 2443 672 2529 porrexistis,
715 2441 894 2589 alirpporum
943 2463 1149 2506 susurronum

8 2540 9 2548 ¹
49 2525 218 2609 calumnias,
242 2529 297 2612 qui
310 2527 402 2591 vobis
417 2527 581 2592 fidendum
596 2536 723 2612 negant,
738 2528 771 2591 vi
785 2525 947 2612 pendens,
963 2549 1037 2591 cum
1052 2527 1149 2592 instet

8 2639 9 2670 t
48 2607 280 2759 diesupassionis
303 2611 424 2675 domini
446 2622 477 2675 et
498 2611 663 2675 salvatoris
690 2613 790 2675 nostri
811 2610 908 2674 Ihesu
930 2611 1057 2692 Christi,
1087 2611 1149 2674 hoo

48 2714 110 2758 vase
143 2719 196 2760 um
217 2706 341 2760 vestrae
363 2695 511 2780 dignitati
532 2706 663 2781 optume
691 2716 762 2758 cum
781 2697 856 2760 vino
871 2707 903 2760 et
916 2717 999 2781 pane
1013 2695 1148 2760 infracto

7 2843 8 2848 γ
49 2777 127 2842 vobis
172 2781 287 2864 orrigo.
320 2779 393 2843 Hoc
414 2777 563 2865 poculum
585 2781 618 2842 in
640 2785 731 2864 signo
746 2778 913 2844 habendae
928 2788 960 2843 et
974 2777 1148 2844 servandae

7 2853 8 2924 l
48 2859 111 2926 fidei
131 2803 258 2928 ebibite.
303 2863 339 2927 Si
360 2885 435 2928 vero
457 2863 553 2926 fidem
576 2885 703 2928 servare
725 2865 830 2927 animo
852 2885 918 2928 11611
939 2873 1010 2945 stat,
1057 2862 1148 2928 oculo

6 2945 8 3026 l
49 2948 163 3031 parcite,
195 2971 236 3012 ne
264 2947 453 3012 horrendam
483 2947 582 3011 Iudae
609 2946 780 3032 proditoris
813 2949 953 3033 speciem
984 2969 1019 3010 re
1032 2947 1147 3012 eratis'.

6 3027 8 3108 l
50 3027 108 3107 Quo
132 3033 357 3116 respondente:
388 3029 561 3096 ‘Oraterem
582 3032 737 3116 recipiam
767 3042 798 3096 et
824 3041 937 3116 potum
961 3030 1061 3096 libere
1083 3029 1147 3095 ebi-

6 3169 8 3194 ,
48 3107 134 3198 bam’,
176 3115 315 3181 Karolus
337 3137 414 3179 mox
435 3125 632 3200 prosecutus,
654 3114 837 3179 addendum
860 3115 955 3179 dixit:
986 3122 1028 3178 ‘et
1048 3113 1146 3180 fidem

48 3193 164 3266 faciam'.
207 3199 265 3265 Ille
287 3198 418 3265 ebibens
440 3210 625 3284 prosecutus
647 3209 709 3263 est:
738 3197 896 3263 ι6111116111
917 3198 1048 3281 faciam3
1070 3197 1146 3262 alio-

49 3283 110 3363 quin
132 3306 204 3348 cum
225 3284 308 3348 Iuda
329 3285 506 3348 inteream’l
544 3282 587 3347 Et
608 3281 707 3346 multa
728 3283 777 3346 his
799 3281 914 3345 similia
935 3281 1145 3346 anathematis

48 3365 130 3432 verba
161 3369 349 3433 cenantibus
379 3367 475 3431 dedit.
529 3367 603 3431 Nox
631 3366 730 3430 futuri
757 3365 860 3430 luctus
892 3375 924 3429 et
955 3364 1144 3450 proditionis

48 3454 160 3516 conscia
180 3452 328 3516 instabat.
372 3452 524 3532 Quietum
545 3452 591 3516 ire
613 3451 820 3515 constitutum
842 3459 889 3512 est
910 3449 1145 3535 dormitumque

47 3529 188 3601 inmane.
232 3534 393 3600 Adalbero
416 3536 464 3598 sui
486 3533 551 3599 doli
572 3536 728 3613 conscius,
750 3532 998 3597 dormientibusf
1023 3533 1144 3598 Karolo

47 3623 70 3677 et
87 3619 233 3698 Arnulfo,
262 3619 385 3706 gladios
414 3629 446 3683 et
474 3642 563 3682 arma
588 3641 607 3682 a
633 3618 791 3704 capitibus
813 3639 922 3681 eorum
943 3619 1063 3682 amovit
1076 3616 1145 3682 lati-

46 3693 178 3790 bulisque
206 3703 379 3768 mandavit.
422 3701 620 3768 Hostiarium
649 3701 743 3766 huius
772 3700 837 3766 doli
862 3703 1011 3787 ignarum
1039 3722 1144 3766 accer-

47 3781 125 3870 siens,
148 3809 274 3852 clusum
297 3786 472 3852 accelerare
495 3796 527 3851 et
548 3785 707 3872 quendam
730 3808 858 3850 suorum
873 3788 1028 3851 accersire
1042 3787 1144 3870 iubet,

47 3869 147 3935 ostium
180 3894 249 3937 sese
281 3881 479 3936 servahuum
510 3871 637 3934 interim
669 3869 830 3957 pollicens.
886 3871 958 3950 Quo
991 3870 1144 3955 digresso,

46 3946 192 4020 Adalbero
213 3959 246 4018 in
267 3957 338 4042 ipso
361 3956 442 4020 ostio
465 3977 534 4019 sese
555 3954 696 4018 medium
716 3954 796 4036 fixit,
818 3953 960 4040 gladium
982 3953 1041 4018 sub
1055 3961 1144 4018 veste

94 4144 311 4197 (011111111111611.
383 4145 549 4198 1))6111161111.
616 4144 636 4196 c)
653 4146 734 4186 hensio
750 4145 806 4188 abac.
876 4141 899 4196 d)
915 4144 1026 4194 populum
1034 4153 1142 4192 superser.

46 4198 130 4246 oletum.
189 4204 212 4258 6)
227 4209 292 4256 ptum
308 4217 363 4248 corr.
380 4209 466 4256 aptum.
525 4205 544 4257 t)
558 4205 680 4246 dormienti
696 4206 717 4246 1.

108 4345 134 4412 1)
152 4348 296 4398 Dominice
314 4346 460 4414 palmarum
480 4347 568 4408 (Mart.
588 4343 635 4410 29)
653 4344 768 4395 indicari
785 4342 901 4397 videtur.
937 4339 992 4392 Alii
1011 4341 1044 4393 de
1060 4357 1143 4394 coena

47 4409 140 4471 Domini
160 4421 318 4487 cogitarunt.
358 4420 399 4472 cf.
419 4419 550 4470 Wilmans
569 4435 595 4485 p.
617 4417 677 4469 1⁶8.
