2936 5010
309 409 361 460 140
545 407 698 460 RICHERI
717 407 967 460 HISTORIARUM
985 407 1098 458 LIBER
1116 407 1184 460 1111.

247 577 455 642 rainiariam
478 574 632 658 ulturum,
656 584 766 640 contra
786 575 891 642 hostes
906 575 1001 640 etiam
1016 574 1100 660 regis
1137 572 1251 638 lurima
1265 576 1416 656 nisurum;

307 659 420 725 urbem
441 659 634 724 Laudunum
654 658 694 724 ab
717 658 860 724 hostibus
881 679 1049 745 pervasam
1063 659 1097 722 in
1110 596 1201 722 brevi
1215 658 1414 724 redditurum.

308 745 402 830 Regii
425 745 592 832 stipatores
613 741 709 818 letati,
737 745 957 830 episcopatum
986 743 1108 828 petenti
1157 763 1231 805 uam
1261 743 1319 808 cito
1336 743 1413 822 dari,

309 828 456 912 suadent3
478 829 548 913 regi
569 826 614 892 nil
635 826 844 912 perditurum,
866 837 1052 908 asserentes,
1076 827 1102 889 si
1124 827 1151 889 si
1175 826 1186 888 i
1205 825 1369 890 militatiuo
1385 837 1414 890 et

307 912 403 978 fidem
426 922 588 977 servaturo
616 911 702 997 quod
731 912 810 996 petit
836 909 1003 998 largiatur,
1030 909 1129 974 multo
1151 910 1248 974 etiam
1269 909 1327 974 sibi
1346 931 1413 995 pro-

307 997 458 1080 futurum,
481 997 508 1060 si
530 995 564 1060 id
585 995 689 1077 faciat,
712 994 797 1082 quod
819 1017 893 1060 cum
914 994 1034 1058 factum
1055 997 1104 1074 sit,
1129 995 1272 1056 omniurn
1287 993 1414 1057 salutem

307 1081 440 1146 affectet.
473 1081 544 1144 Rex
565 1101 674 1143 eorum
696 1078 895 1143 suasionibus
916 1078 1134 1166 adquiescens
1156 1077 1274 1141 Remos
1287 1077 1415 1158 devenit,

309 1163 432 1230 civibus
462 1164 545 1228 banc
574 1164 759 1248 petitionem
782 1171 979 1245 ostensurus,
1002 1185 1042 1228 ne
1064 1160 1228 1226 malefidae
1245 1163 1414 1248 sponsionis

308 1258 467 1315 teneretur
489 1247 656 1312 obnoxius.

518 1369 568 1432 26.
613 1367 723 1434 Oratio
745 1369 851 1453 rogisa
872 1365 915 1430 ad
937 1368 1023 1432 cives
1044 1367 1227 1432 Remenses.

392 1472 435 1536 Et
456 1470 603 1536 omnibus
629 1471 801 1551 accersitis,
832 1471 877 1532 sic
906 1466 1029 1532 locutus
1057 1470 1118 1532 ait:
1151 1468 1319 1548 ‘Quoniam
1344 1465 1414 1530 fidei

308 1565 512 1621 exsecutores
533 1577 591 1619 vos
636 1553 756 1635 robavi,
778 1575 837 1617 nec
859 1575 910 1617 me
932 1575 951 1616 a
973 1552 1036 1616 fide
1051 1551 1189 1615 alienum
1205 1551 1414 1638 experiemini.

309 1639 392 1705 Cum
409 1641 498 1738 ,enim
521 1639 561 1703 sit
582 1577 672 1720 fides,
694 1659 767 1736 cum
791 1635 876 1785 quod
898 1636 1025 1784 diciturd
1035 1635 1078 1718 fit,
1102 1638 1177 1783 quia
1191 1658 1249 1700 vos
1259 1635 1413 1782 Aqimflqolfursse

193 1733 616 1877 ...abitabit
629 1730 1086 1869 tttttttttttttttt
1106 1728 1315 1886 fiiiif‘suu.
1335 1739 1413 1865 urit

308 1889 340 1954 di
365 1891 496 1955 nitatem
517 1911 575 1974 per
595 1887 739 1974 aliquos(¹
762 1890 817 1974 qui
838 1888 916 1952 mihi
931 1889 1083 1952 assistunt
1097 1911 1138 1952 ex
1163 1889 1245 1970 etiit3
1269 1884 1412 1973 quicquid

307 1913 400 2038 nobis
422 1995 523 2058 nuper
544 1973 731 2058 derogatum
753 1981 801 2036 est
822 1995 855 2037 se
869 1973 1087 2038 restituturum
1101 1993 1143 2058 po
1169 1972 1276 2053 'citus3
1298 1991 1412 2034 necnon

308 2067 338 2122 et
369 2065 479 2122 contra
506 2055 611 2120 hostes
641 2053 740 2120 multa
766 2055 957 2120 moliturum.
1009 2055 1107 2120 Cuius
1135 2056 1358 2142 promissiones
1384 2063 1412 2116 et

306 2141 403 2208 fidem
425 2141 466 2207 ad
481 2150 624 2206 vestrum
640 2139 758 2204 contuli
772 2140 985 2205 examinanda
999 2139 1157 2220 iuditium,
1179 2149 1215 2204 ut
1229 2149 1301 2203 aute
1315 2147 1410 2202 vestro

306 2227 519 2313 approbeture
542 2225 689 2289 examine
711 2233 766 2288 aut
779 2224 986 2310 improbetur.
1022 2223 1079 2288 Itle
1093 2222 1301 2310 petitionibus
1315 2225 1409 2286 instat.

306 2311 475 2376 Potestatis
496 2319 619 2375 vestrae
642 2311 691 2391 sit,
713 2319 819 2374 utrum
842 2308 927 2394 quod
955 2309 1035 2394 petit
1059 2308 1207 2393 accipiat.
1250 2307 1318 2371 Nec
1342 2326 1410 2370 vero

305 2396 339 2458 in
369 2417 531 2480 quoquam
558 2396 587 2459 ei
613 2417 632 2458 a
660 2415 711 2458 me
733 2393 854 2456 fautum
876 2401 931 2458 est.
969 2391 1062 2456 'Nihil
1083 2393 1179 2456 etiam
1201 2391 1408 2456 deliberatum.

307 2478 469 2564 Quicquid
490 2478 524 2541 id
545 2477 635 2558 foret,
658 2475 733 2540 utile
756 2475 834 2540 duxi
856 2476 898 2540 ad
919 2487 1059 2540 vestram
1081 2475 1196 2540 deferri
1218 2475 1332 2540 debere
1346 2495 1408 2537 cen-

307 2584 423 2645 suram,
445 2573 490 2644 ut,
513 2563 540 2624 si
562 2561 728 2626 honestum
749 2561 814 2640 fiat,
837 2560 928 2625 vobis
950 2559 1118 2624 utilitatem
1141 2569 1172 2623 et
1193 2559 1271 2622 mihi
1286 2558 1408 2644 gloriam

307 2654 478 2730 comparet.
531 2644 565 2708 si
594 2653 700 2708 autern
728 2644 945 2742 pernitiosum,
974 2666 1034 2728 ego
1062 2643 1191 2730 quidem
1211 2643 1327 2708 nullius
1347 2663 1408 2727 per·

306 2727 410 2809 fidiae,
431 2725 546 2791 nullius
568 2726 642 2810 doli,
664 2725 780 2790 nullius
801 2727 939 2794 fallatiae
961 2729 1087 2814 penitus
1101 2751 1137 2790 ar
1159 2749 1226 2791 uar.
1263 2729 1327 2793 Vos
1341 2746 1407 2790 vero

306 2820 361 2875 aut
383 2811 527 2876 suffectif
551 2810 615 2875 doli
636 2809 748 2874 falsam
771 2813 951 2896 opinionem
981 2825 1075 2875 cum⁶
1103 2751 1234 2875 odoror
1264 2810 1407 2888 subibitis,

305 2904 369 2972 aut,
392 2895 437 2958 sie
459 2917 523 2959 non
531 2908 552 2978 θ,
576 2895 609 2957 in
631 2895 823 2959 desertorem
845 2918 956 2960 manus
979 2895 1105 2960 assidue
1128 2897 1299 2960 exscretis'.

538 3015 588 3080 27.
631 3015 831 3100 Responsio&
853 3018 970 3082 civium
991 3016 1033 3080 ad
1054 3029 1192 3101 regemss.

388 3116 441 3180 Ad
462 3115 540 3181 haec
563 3119 661 3183 cives:
686 3116 797 3201 ‘Oum',
819 3119 974 3204 inquiunt,
997 3125 1129 3184 ‘vostrae
1144 3121 1319 3184 maiestatis
1333 3117 1406 3181 dono

305 3198 443 3285 eligendi
465 3199 585 3266 domini
616 3203 702 3287 optio
724 3203 816 3268 nobis
845 3203 920 3268 data
948 3204 998 3282 sit,
1024 3201 1124 3267 multa
1151 3202 1224 3286 fide,
1253 3202 1349 3267 multo
1368 3202 1406 3262 in-

304 3285 399 3432 genio
421 3286 605 3350 enitendum
626 3287 704 3368 esth,
726 3297 762 3350 ut
783 3297 814 3351 et
834 3288 940 3371 regiae
963 3287 1125 3371 dignitatis
1147 3286 1311 3373 derogatio
1331 3281 1406 3348 nulla

327 3380 367 3452 at,
397 3379 428 3434 et
453 3392 512 3434 nos
540 3369 639 3434 falsae
665 3371 892 3435 criminationis
921 3381 1029 3436 notam
1056 3393 1228 3457 casumque
1254 3371 1348 3436 futuri
1367 3370 1406 3432 in-

305 3454 464 3518 commodi
489 3455 634 3519 vitemus.
677 3454 839 3537 Arnulfus,
865 3477 960 3542 quem
988 3454 1084 3541 paulo
1113 3465 1185 3519 ante
1208 3461 1406 3520 memoratum

305 3537 493 3619 audivimus,
515 3561 535 3601 a
555 3537 648 3602 nobis
669 3561 773 3624 nuper
793 3539 879 3604 idem
901 3540 1107 3624 expoposcit;
1137 3537 1274 3625 plurima
1294 3537 1363 3618 fide,
1383 3534 1405 3597 si

304 3617 365 3682 hoc
394 3619 465 3701 fiat,
495 3623 580 3706 regis
602 3621 771 3688 commoda
792 3645 860 3688 sese
890 3632 1123 3705 exsecuturum,
1145 3622 1312 3708 pollicens;
1339 3641 1407 3704 erga
1454 3663 1455 3710 ,

306 3702 391 3766 cives
413 3725 478 3766 non
498 3704 658 3768 modicam
678 3705 924 3771 benivolentiam
939 3706 1131 3772 habiturum.
1169 3705 1234 3772 Sed
1250 3708 1323 3792 quia
1337 3706 1405 3782 eius,
1454 3711 1455 3724 ³

304 3794 414 3934 utpote
426 3784 644 3870 adolescentis,
655 3810 758 3854 mores
770 3790 963 3877 affectusque
974 3792 1112 3856 incertos
1120 3791 1283 3874 habemus,
1292 3798 1405 3854 nostras

304 3892 339 3934 so
352 3891 407 3934 um
423 3868 657 3935 moderationes
671 3895 736 3936 non
750 3874 894 3939 sufficere
909 3875 951 3939 ad
965 3875 1054 3956 haec,
1070 3874 1270 3940 arbitramur.
1298 3871 1405 3938 Adsint
1454 3897 1455 3960 t

303 3976 378 4041 ergo
402 3955 457 4040 qui
477 3953 569 4019 vobis
591 3955 624 4019 id
646 3956 787 4022 suadent.
831 3958 1052 4024 Conferamusi
1089 3960 1247 4044 utrimque
1268 3959 1405 4022 rationes.
1454 3969 1455 3976 ¹

302 4039 401 4104 Dicat
423 4038 500 4126 quid
522 4040 656 4126 quisque
678 4043 785 4126 potius
808 4044 938 4128 cogitet3
967 4043 1044 4128 quid
1065 4044 1276 4130 potissimum,
1298 4062 1337 4104 ne
1356 4037 1404 4102 ab·

302 4123 450 4206 scondat3
472 4133 508 4188 ut
529 4132 560 4188 et
582 4146 624 4188 ex
644 4123 776 4190 honesto
798 4124 899 4210 gloria
913 4129 954 4192 sit
969 4128 1156 4210 communis,
1179 4137 1211 4192 et
1225 4149 1266 4190 ex
1280 4131 1403 4211 permtre

301 4204 539 4272 incommodum
560 4230 661 4296 aeque
681 4209 858 4294 patiamur'.

362 4365 384 4417 a)
401 4366 479 4420 degis)
496 4370 551 4412 abac.
619 4368 643 4421 b)
659 4372 689 4410 D.
704 4373 735 4414 M.
751 4384 769 4412 c.
838 4369 858 4422 c)
876 4373 895 4411 L
919 4372 982 4413 flltus
998 4375 1017 4412 1.
1085 4371 1108 4425 d)
1126 4385 1164 4418 eos
1181 4375 1202 4415 1.
1263 4370 1285 4424 a)
1298 4373 1345 4421 1³⁰⁶!
1358 4365 1399 4405 “dd-

300 4423 393 4477 oranti
417 4428 437 4464 1.
512 4425 535 4478 g)
551 4427 587 4478 io,
608 4438 644 4468 arn
666 4429 721 4468 abac.
788 4428 812 4481 h)
828 4431 920 4471 videtur
939 4443 1045 4482 superscr.
1067 4438 1109 4473 est.
1185 4432 1204 4485 t)
1225 4431 1368 4473 Conseruntur
1382 4426 1399 4461 1.
