2936 5010
283 395 437 448 RIOHERI
456 397 710 450 HISTORIARUM
729 397 840 448 LIBER
859 396 912 448 111.
1125 395 1160 444 93

56 562 105 627 ‘Et
123 560 273 628 Tetbaldi
294 562 423 648 quidem
444 561 520 646 filio,
550 564 606 649 qui
634 585 703 629 sese
729 560 794 627 sibi
819 562 1024 627 commiserat
1045 561 1224 627 milita-⁸101.
1242 580 1288 623 se.

53 653 157 728 nrum,
180 656 323 710 castrum
337 646 396 712 sub
411 647 594 713 conditione
608 646 806 714 servandae·
827 644 988 712 fidelitatis
1003 645 1156 713 concedit.
1167 657 1219 699 ⁹⁶⁵·

62 795 64 800 ,
126 730 175 794 21.
210 730 283 810 Quo
312 731 408 794 etiam
437 739 580 817 tempore
602 729 754 794 Arnulfus
780 729 979 794 Morinorum
1006 731 1157 815 princeps

54 812 105 875 bac
127 814 195 878 vita
222 812 370 879 decessit.
424 813 525 880 Cuius
551 823 670 880 terram
696 813 866 879 Letharius
896 837 955 879 rex
983 814 1157 898 ingressus,

56 894 108 960 lilio
132 896 275 961 defuncti
300 897 473 963 liberaliter
500 898 606 964 reddit
632 920 769 984 eumque
798 919 870 961 cum
898 895 1052 963 militibus
1089 898 1157 962 iure

55 990 313 1046 sacramentorum
334 980 396 1046 sibi
416 983 618 1047 annectitbd.

125 1064 175 1128 22.
209 1064 316 1128 Huic²
361 1086 467 1150 uoque
487 1065 604 1151 regalis
629 1063 827 1130 nobilitatis³
853 1065 905 1128 vir
925 1062 1086 1129 Adalbero
1114 1086 1216 1132 exeso.

52 1145 247 1212 Mettensium
269 1148 295 1211 si
332 1149 338 1162 '
365 1158 414 1214 ter
435 1147 568 1235 collegio
595 1158 741 1214 strenue⁰
767 1169 806 1212 ac
832 1146 965 1212 feliciter
992 1148 1155 1212 successit.

56 1229 109 1310 Qui
129 1241 249 1318 quanto
271 1233 336 1296 suis
358 1232 514 1318 profuerit
540 1243 571 1298 et
622 1240 719 1297 uanta
746 1232 788 1296 ab
815 1231 949 1296 aemulis
978 1229 1050 1317 plus
1070 1232 1154 1296 iusto

54 1335 155 1397 passus
177 1316 229 1397 sit,
252 1336 348 1400 opere
369 1318 516 1403 sequenti
544 1255 768 1382 declarabitur.
817 1314 882 1380 Hic
911 1316 945 1378 in
971 1315 1060 1379 initio
1077 1323 1156 1464 post

51 1399 94 1461 sui
113 1399 345 1484 promotionem
366 1401 532 1466 structuris
553 1399 727 1466 aecclesiae
748 1421 824 1464 suae
838 1398 1011 1484 plurimum
1026 1408 1076 1464 stu
1123 1400 1155 1464 't

53 1480 194 1548 fornices
215 1483 311 1565 enim,
333 1485 390 1570 qui
410 1483 452 1548 ab
474 1483 648 1550 aecclesiae
669 1483 800 1548 introitu
825 1504 885 1568 per
906 1493 1053 1569 quartam
1073 1504 1155 1569 pene

52 1567 136 1632 totius
157 1565 331 1632 basilicae‘¹
374 1577 475 1634 artem
496 1569 649 1634 eminenti
677 1575 836 1632 structura
861 1564 1155 1648 distendebantur0,

53 1651 167 1733 penitus
190 1650 317 1716 dinnte
392 1651 455 1717 nde
484 1661 516 1716 et
537 1651 691 1738 ampliore
712 1648 916 1735 receptaculo
938 1659 970 1714 et
995 1649 1159 1736 digniore‘

53 1743 181 1799 scemate
202 1743 271 1801 tota
291 1734 446 1800 aecclesia
467 1735 618 1802 decorata
639 1745 696 1801 est.
745 1732 871 1820 Corpus
901 1755 1028 1821 quoque
1055 1736 1158 1799 sancti

52 1815 156 1882 Kalisti
176 1840 219 1905 pa
244 1840 281 1883 ae
303 1827 335 1884 et
356 1820 495 1884 martiris
517 1818 626 1885 debito
654 1819 773 1884 honore
799 1819 833 1881 in
861 1818 954 1904 ipsoa
983 1817 1156 1884 aecclesiae

52 1899 196 1986 ingressu,
220 1841 302 1966 loeo
334 1902 455 1968 scilicet
486 1903 619 1968 editiore
627 1915 652 1985 Β,
686 1901 861 1967 collocavit.
915 1899 1029 1988 Ibique
1058 1901 1157 1968 altare

51 1983 201 2070 dedicans,
225 1988 398 2052 oratorium
418 1986 590 2052 fundendis
603 1987 676 2052 Deo
696 1987 847 2073 precibus
862 1985 1156 2051 commodissimum

50 2069 172 2153 aptavit.
215 2067 325 2136 Altare
353 2071 544 2157 precipuum
576 2069 725 2136 crucibus
747 2071 853 2135 aureis
874 2071 1059 2156 insigniens,
1082 2091 1155 2134 can·

52 2149 128 2217 cellis
149 2153 309 2240 utrimque
331 2155 530 2220 radiantibus
553 2153 724 2220 obvelavit.

124 2238 174 2301 23.
205 2239 317 2302 Preter
343 2238 423 2303 haec
450 2239 546 2303 etiam
576 2239 675 2304 altare
701 2240 909 2325 gestatorium
936 2258 1001 2300 non
1027 2235 1156 2301 viliori¹¹

8 2363 9 2368 η
51 2339 136 2466 opere
162 2319 295 2385 effinxit.
341 2322 445 2408 Super
474 2323 562 2472 quod
590 2321 755 2388 sacerdote
783 2320 871 2408 apud
893 2319 1000 2384 Deum
1029 2330 1155 2406 agente,

49 2422 102 2468 ae

103 2415 172 2469 rant
194 2413 331 2492 quatuor
362 2428 485 2491 cuange
498 2408 630 2472 istarum
659 2427 832 2491 expressae
860 2425 938 2468 auro
963 2412 995 2468 et
1023 2413 1155 2489 argento

7 2527 9 2570 3
51 2486 210 2572 imagines,
247 2488 393 2576 singulae
428 2491 463 2554 in
498 2489 631 2576 singulis
667 2488 793 2574 angulis
828 2496 956 2554 stantes.
1010 2487 1156 2568 Quarum

7 2625 8 2628 ,
51 2572 290 2660 uniuscuiusque
324 2572 394 2638 alae
432 2583 584 2640 extensae
615 2575 679 2640 duo
711 2575 811 2639 latera
840 2571 947 2637 altaris
979 2594 1082 2658 usque
1113 2572 1157 2636 ad

7 2661 8 2668 ’
52 2653 182 2720 medium
197 2655 389 2723 obvelabant
396 2659 414 2721 i.
448 2659 563 2723 Facies
577 2680 655 2723 vero
674 2679 759 2744 agno
777 2655 969 2722 inmaculato
985 2677 1156 2722 conversas

7 2825 8 2828 Ἴ
52 2737 256 2807 intendebant.
299 2741 338 2806 ln
358 2764 423 2828 quo
446 2745 543 2808 etiam
564 2741 720 2806 ferculum
735 2740 915 2807 Salomonis
935 2741 1054 2805 imitari
1068 2741 1315 2812 vide-creasset·

52 2817 143 2887 batur.
186 2825 280 2889 Fecit
301 2847 428 2913 quoque
451 2825 678 2892 candelabrum
699 2825 892 2924 septifidum.
935 2825 974 2888 In
996 2846 1059 2910 quo
1081 2845 1155 2889 cum

53 2917 164 2991 septem
185 2907 227 2972 ab
254 2930 319 2973 uuo
348 2919 525 2995 surgerent,
546 2907 626 2974 illud
654 2909 836 2996 significare
863 2905 1041 2991 videbatur,
1069 2908 1302 2994 quod01,1.00‚‚

53 2986 87 3051 ab
113 3012 175 3056 uuo
208 2991 331 3078 Spiritu
362 3004 484 3080 septem
515 2994 691 3080 gratiarum
724 2993 809 3058 dona
841 2991 1034 3056 dividantur.
1088 2992 1156 3057 Nec
1172 2999 1206 3049 12.
1216 2999 1296 3044 ⁸-¹⁰·

52 3073 145 3139 minus
167 3085 199 3141 et
219 3097 328 3140 arcam
350 3099 446 3163 opere
476 3077 636 3162 eleganti¹¹
663 3076 835 3142 decoravit.
883 3075 923 3139 In
944 3097 1008 3162 qua
1029 3077 1155 3160 virgam
1165 3112 1314 3160 sennaar.

53 3165 79 3218 et
97 3161 234 3240 manna¹,
271 3159 306 3223 id
338 3171 387 3225 est
419 3172 601 3226 sanctorum
633 3159 794 3248 reliquias,
831 3160 967 3245 operuit.
1011 3159 1155 3225 Ooronas

53 3259 168 3328 quoque
189 3264 256 3307 non
277 3244 410 3308 minima
430 3245 567 3330 inpensa
587 3244 779 3311 fabrefactas
808 3245 841 3307 in
862 3240 1034 3308 aecclesiae
1057 3242 1154 3307 decus

52 3326 216 3410 suspendit.
260 3326 368 3408 Quam
393 3327 539 3393 fenestris
568 3327 713 3393 diversas
742 3324 979 3394 contineutibus
1007 3325 1154 3390 historias

52 3404 248 3474 dilucidatam
269 3413 434 3498 campanis
455 3413 672 3499 mugientibus
694 3413 761 3477 acsi
781 3418 944 3475 tonantem
965 3408 1062 3474 dedit.

125 3493 175 3558 24.
210 3493 389 3559 Canonicos
411 3496 515 3578 etiam,
538 3497 593 3583 qui
614 3499 649 3560 in
670 3496 808 3582 propriis
829 3493 981 3579 hospiciis
1004 3492 1156 3578 degentes

52 3581 164 3642 annm
190 3599 249 3642 sua
276 3579 440 3661 curabant,
473 3580 567 3644 iurem
601 3579 837 3644 communitatis
858 3579 968 3643 vivere
992 3578 1155 3642 instruxit.

52 3653 136 3725 Unde
156 3671 189 3726 et
210 3660 385 3726 claustrum
406 3664 597 3729 monasterio
619 3663 754 3747 addidit,
782 3663 817 3727 in
838 3684 901 3750 quo
923 3661 975 3726 die
996 3670 1157 3727 morantes

104 3840 124 3892 ι)
142 3847 191 3892 poet
206 3842 257 3882 add.
336 3839 360 3893 b)
382 3849 477 3893 moer
499 3845 561 3884 lineis
582 3844 651 3884 vorle
672 3844 758 3894 tamquo
779 3844 861 3892 vacuis,
882 3844 1024 3893 morequttnr
1043 3844 1158 3893 primaeva

51 3896 156 3946 ttripmru.
217 3897 239 3952 c)
255 3911 362 3950 nepes-aer.
378 3903 415 3942 eod
438 3902 478 3944 del.
493 3904 588 3944 utiliter.
656 3901 681 3955 d)
698 3903 793 3943 oratorii
810 3905 830 3945 1.
903 3901 925 3952 e)
948 3901 1123 3944 distendebatur
1138 3911 1157 3943 c.

51 3951 225 4002 deonantum
242 3961 263 4002 1.
323 3959 346 4011 ς)
368 3961 521 4002 eminentiore
538 3963 558 4002 1.
617 3958 642 4013 b)
664 3962 748 4002 minori
765 3964 785 4003 1.
850 3959 868 4012 1)
885 3961 929 4002 vel.
946 3963 966 4002 1.
1020 3957 1045 4011 k)
1062 3962 1158 4008 argento

51 4021 145 4068 tumque
160 4019 213 4060 add.
230 4021 251 4060 1.
311 4017 329 4070 l)
346 4030 376 4059 m.
392 4020 489 4061 reclusit
505 4023 525 4072 1,
540 4020 578 4060 abt
592 4020 617 4060 ld
632 4024 668 4061 ert
677 4021 706 4060 ta
721 4031 790 4070 worp.
849 4017 881 4070 m)
898 4029 917 4059 c.
934 4019 949 4060 l.
967 4021 987 4059 1.

121 4147 147 4216 1)
172 4152 225 4202 Hic
244 4150 392 4204 flodoardi
413 4151 562 4204 Annalibus
588 4149 782 4215 deficientibus,
807 4149 912 4216 relique
936 4155 1030 4200 auctor
1049 4150 1156 4216 proprio

54 4227 129 4272 marte
148 4225 314 4291 conscripsit.
388 4223 418 4292 2)
437 4225 572 4292 Odelrieo,
594 4225 669 4276 cuius
693 4225 722 4275 iu
740 4224 801 4276 loco
820 4223 874 4273 ism
899 4237 975 4272 eraso
995 4223 1159 4274 mentonem

53 4289 142 4346 fecisse
165 4297 271 4349 videtin
289 4303 390 4350 auctor.
474 4296 503 4366 3)
523 4299 608 4349 Filius
625 4296 764 4349 Godefridi
785 4295 1017 4347 Ardueuuensium
1044 4297 1158 4348 comitis.

56 4363 81 4425 4)
101 4366 138 4422 Cf.
156 4371 224 4438 App.
245 4369 334 4435 Flod,
350 4371 398 4423 SS.
418 4371 471 4436 111,
489 4389 517 4439 p.
536 4371 599 4423 40⁷.
