2936 5010
305 411 357 462 100
546 405 699 458 RICHERI
718 404 969 458 HISTORIARUM
987 405 1098 456 LIBER
1115 402 1169 456 111.

303 599 342 643 ac
362 573 494 641 mirielo
517 573 563 638 uii
584 574 642 656 vir,
663 595 726 659 quo
772 572 954 638 estmodum
974 581 1042 637 tota
1056 571 1171 653 Gallia,
1185 571 1269 636 acsia
1283 571 1394 636 lucerna

302 659 433 727 ardente
471 597 671 724 vibrabunda
702 679 737 722 re
751 655 854 726 ulsit1.
906 657 971 738 Qui
1002 655 1183 743 Aquitanas
1210 677 1339 740 genere,
1368 656 1395 718 in

303 745 478 811 coenobio¹
501 745 602 808 sancti
623 740 812 808 confessoris
837 739 969 806 Geroldi
990 763 1011 806 a
1031 763 1131 826 puero
1154 739 1236 804 altus
1258 749 1290 804 et
1307 761 1394 826 gram·

303 831 420 894 matica
445 827 575 894 edoottu
598 836 656 892 est
699 827 737 890 In
786 847 827 890 uo
854 835 964 912 utpote
990 823 1175 890 adolescens
1207 845 1282 888 eum
1308 822 1395 888 adhuc

302 914 441 978 intentus
462 920 639 977 moraretur
677 848 876 974 Borrielluml
906 910 1060 974 citerioris
1088 908 1267 994 Hispaniae
1297 907 1395 971 ducem

303 997 414 1062 orandi
474 996 538 1061 atia
559 995 600 1060 ad
621 958 706 1060 idem
729 991 917 1058 coenobium
944 995 1077 1077 contigit
1105 991 1282 1056 devenisse.
1324 991 1395 1071 Qui⁰

303 1105 323 1146 a
344 1080 407 1146 loci
432 1019 548 1145 adibam
574 1078 799 1144 humanissime
827 1098 905 1143 exce
930 1085 997 1159 tus,
1027 1087 1101 1176 post
1129 1097 1292 1142 sermones
1319 1085 1394 1162 quot·

303 1161 409 1247 libetl,
431 1185 473 1229 an
493 1165 527 1227 in
548 1161 670 1228 artibus
690 1162 822 1248 perfecti
843 1162 878 1225 in
926 1162 1057 1248 ispanirs
1078 1159 1285 1242 habeantur0,
1307 1159 1395 1224 scisci-

302 1259 397 1315 tatur.
441 1247 537 1330 Quod
559 1269 632 1312 cum
654 1247 890 1332 promptissime
912 1254 1075 1327 assereret,
1098 1246 1128 1309 ei
1149 1267 1227 1309 mox
1241 1242 1282 1308 ab
1297 1243 1396 1308 abbate

303 1355 490 1420 persuasum
519 1341 575 1414 est,
603 1340 639 1396 ut
665 1352 794 1395 suorum
820 1329 958 1416 aliquem
980 1330 1157 1416 susciperet
1185 1350 1355 1414 secumque
1371 1327 1396 1388 in

303 1419 423 1484 artibus
445 1415 624 1481 docendum
646 1413 786 1480 duceret.
828 1413 908 1478 Dux
922 1415 1030 1500 itaque
1044 1435 1108 1478 non
1122 1412 1275 1496 abnuens,
1293 1410 1397 1498 petenti

303 1499 475 1568 liberaliter
495 1500 575 1564 favit
595 1521 633 1563 ae
653 1499 786 1564 fratrum
814 1517 969 1564 consensu
991 1495 1184 1562 Gerbertum
1213 1505 1397 1582 assumptum

185 1593 225 1650 'a
242 1597 292 1640 ⁶1⁷·
303 1583 397 1650 duxit
432 1594 527 1670 atque
558 1583 691 1647 Hattoni
725 1627 797 1648 .....
808 1581 818 1625 f
847 1583 1018 1668 episcopo⁸
1059 1581 1297 1646 *instruendum
1327 1601 1398 1642 com-

302 1669 398 1732 misit.
441 1669 471 1732 A
495 1665 538 1732 ud
561 1689 655 1753 quem
677 1667 773 1731 etiam
794 1667 827 1730 in
849 1666 983 1731 mathesi
1003 1664 1175 1766 plurimum
1196 1676 1228 1731 et
1242 1665 1398 1730 efficaciter

303 1752 433 1818 studuit.
472 1691 541 1817 bed
563 1773 636 1816 cum
657 1751 819 1815 Divinitas
843 1748 982 1814 Galliam
1003 1771 1068 1814 ram
1090 1749 1281 1836 caligantem
1296 1768 1397 1833 magno

300 1836 420 1900 lumine
448 1834 587 1900 relucere
608 1834 725 1917 voluit,
754 1834 905 1934 predictis
932 1832 1008 1899 duci
1034 1843 1067 1899 et
1095 1836 1248 1921 episcopo
1275 1842 1398 1898 mentem

302 1919 399 2002 dedit,
428 1930 464 1984 ut
484 1919 619 1984 Romam
649 1929 768 1984 oratum
796 1927 949 2005 peterent.
997 1919 1185 2006 Paratisque
1214 1916 1396 1995 necessariis,

302 2005 362 2070 iter
389 2013 524 2090 carpunt
550 2024 588 2066 ac
612 2001 846 2068 adolescentem
873 2003 1079 2068 commissum
1108 2025 1218 2067 secum
1239 2001 1396 2068 deducunt

301 2088 380 2155 Inde
412 2087 534 2154 Urbem
565 2087 710 2173 ingressi,
739 2097 812 2173 post
843 2107 954 2172 preces
986 2095 1059 2152 ante
1091 2097 1217 2152 sanctos
1250 2083 1396 2173 apostolos

302 2173 446 2257 effusasss,
479 2171 592 2238 beatae
620 2171 848 2236 recordationis
876 2180 1016 2258 papam⁴
1039 2218 1171 2236 .....
1178 2172 1192 2213 ¹¹
1223 2171 1338 2236 adeunt
1367 2187 1397 2231 ao

302 2281 372 2324 sese
400 2259 431 2322 ei
462 2255 613 2340 indicant,
647 2255 797 2342 quodque
822 2256 927 2320 visum
956 2265 1004 2322 est
1031 2255 1071 2320 de
1100 2275 1158 2320 suo
1185 2255 1396 2320 iocundissima

301 2342 495 2428 impertiunt.

457 2461 507 2525 44.
541 2460 637 2542 Quod
658 2459 750 2524 Attoi
773 2459 894 2525 Romae
916 2461 1073 2524 moratusi
1094 2459 1255 2524 decessui.

385 2561 452 2627 Nec
483 2561 574 2626 latuit
606 2583 723 2649 papam
758 2561 968 2628 adolescentis
1003 2561 1159 2626 industria
1190 2560 1345 2646 simulque
1374 2565 1399 2619 et

303 2644 445 2710 discendi
465 2643 623 2710 voluntas.
673 2645 717 2710 Et
743 2648 819 2733 quia
846 2647 969 2711 musica
999 2657 1030 2711 et
1051 2645 1245 2710 astronomia
1266 2645 1299 2708 in
1317 2639 1397 2706 Italia

302 2738 378 2795 tunc
406 2730 534 2816 penitus
565 2728 801 2815 ignorabantur,
830 2725 919 2794 mox'
932 2753 977 2830 pa
1001 2751 1020 2793 a
1049 2729 1161 2794 Ottcni
1188 2730 1258 2876 regi
1281 2727 1398 2792 Germa-

302 2813 373 2878 niae
408 2822 440 2878 et
474 2811 584 2878 Italiac
619 2825 697 2898 por⁰
732 2812 894 2900 legatum0
930 2815 1091 2896 micavit,
1123 2812 1200 2878 illue
1251 2807 1398 2877 uiusmodi

301 2895 468 2962 advenisse
498 2897 667 2979 iuvenem,
700 2899 755 2984 qui
787 2897 954 2964 mathesim
983 2899 1102 2984 optime
1134 2905 1243 2962 nosset
1274 2913 1397 2980 suosque

302 2990 428 3046 strenue
450 2980 564 3046 docere
585 2980 712 3046 valeret.
754 2982 833 3046 Mox
848 2985 944 3047 etiam
958 2981 999 3047 ab
1015 3004 1091 3067 rege
1128 3003 1208 3068 apae
1225 3003 1264 3044 su
1285 2987 1397 3064 gestum

302 3072 359 3147 est,
387 3072 423 3132 ut
442 3065 591 3130 iuvenem
620 3067 768 3132 retineret
794 3065 980 3166 nullumque
1009 3004 1210 3152 regrediendi
1237 3003 1354 3130 aditum
1374 3060 1398 3123 ei

301 3147 366 3212 ullo
394 3149 489 3214 modo
518 3149 672 3235 preberet.
718 3149 782 3215 Sed
810 3160 841 3214 et
867 3149 942 3214 dum
970 3159 1066 3237 atque
1096 3151 1257 3250 episcopo,
1286 3148 1338 3235 qui
1363 3141 1397 3208 ab

303 3233 467 3320 Hispaniis
490 3244 713 3316 convenerant,
735 3255 754 3298 a
775 3255 861 3321 papa
874 3233 1106 3300 modestissime
1120 3233 1272 3300 mdicrtur
1301 3249 1397 3316 regem

302 3315 382 3384 velle
404 3316 466 3383 sibi
491 3319 639 3384 iuvenem
665 3316 708 3382 ad
736 3327 863 3404 tempus
890 3320 1036 3401 retinere,
1065 3340 1103 3383 ac
1133 3341 1198 3383 non
1219 3340 1252 3381 m
1286 3325 1317 3380 to
1337 3319 1401 3400 post

303 3423 376 3466 eum
398 3415 485 3468 sese⁰
508 3424 581 3466 curn
609 3401 729 3467 honore
758 3403 980 3487 remissurum,
1012 3404 1143 3488 insuper
1170 3403 1266 3468 etiam
1294 3398 1400 3486 gratias

302 3485 377 3550 inde
397 3495 721 3571 recompensaturum.
763 3486 877 3574 Itaque
899 3487 974 3554 duci
995 3508 1033 3551 ao
1055 3488 1207 3573 episcopo
1228 3486 1263 3550 id
1284 3501 1401 3571 persua·

303 3591 373 3632 sum
402 3578 458 3652 est,
485 3579 533 3651 ut,
556 3569 617 3634 hoo
642 3579 736 3656 pacto
760 3571 897 3636 iuvenel
926 3571 1067 3653 dimisso,
1090 3571 1153 3657 ipsi
1182 3571 1216 3635 in
1237 3567 1401 3654 Hispanias

303 3652 363 3716 iter
383 3661 609 3739 retorquerent.
657 3655 787 3720 Iuvenis
815 3656 913 3742 igitur
938 3653 1026 3742 apud
1053 3675 1173 3740 papam
1199 3653 1336 3734 relictus,
1365 3647 1400 3711 ab

304 3755 342 3800 eo
370 3736 440 3820 regi
472 3733 595 3801 oblatus
627 3747 683 3803 est.
742 3738 807 3820 Qui
839 3739 879 3804 de
910 3749 978 3804 arte
1010 3739 1082 3803 sua¹
1114 3739 1339 3825 interrogatus,
1372 3733 1402 3794 in

362 3895 384 3950 a)
399 3909 425 3938 ac
442 3901 462 3940 1.
523 3897 546 3950 b)
562 3897 681 3942 Borrellus
699 3923 722 3932 -
741 3902 788 3942 dux
805 3925 830 3934 -
847 3912 866 3944 c.
883 3903 977 3944 devenIt
993 3904 1013 3946 1.
1079 3900 1100 3956 c)
1118 3903 1162 3951 Qut
1178 3913 1230 3944 eum
1247 3903 1267 3943 1.
1325 3896 1346 3949 d)
1361 3905 1403 3935 mu·

302 3961 354 3998 tuos
371 3959 391 3999 1.
452 3955 473 4010 e)
487 3963 537 4007 post
553 3959 602 4000 add.
663 3958 756 4012 oleam
771 3972 852 4001 vacuae
867 3963 959 4003 ναίοιμι.
1019 3958 1043 4013 ς)
1060 3962 1122 4002 fusas
1137 3965 1157 4004 1.
1218 3958 1242 4012 h)
1258 3961 1404 4002 lomuvmffl·

302 4015 320 4068 l)
336 4021 376 4069 tto,
393 4027 465 4069 mora,
480 4028 491 4056 s
506 4017 562 4058 abac.
619 4016 643 4070 k)
658 4019 764 4060 iuvenem
781 4021 897 4062 dimtttant
910 4021 1001 4072 ipsique
1016 4048 1022 4060 .
1040 4051 1045 4063 .
1063 4051 1069 4064 .
1086 4023 1235 4072 retorqueant
1253 4021 1273 4062 1.
1328 4014 1344 4069 1)
1358 4017 1403 4054 arte

304 4075 355 4130 (sua
370 4075 437 4130 abac.)
453 4077 478 4116 ia
493 4087 563 4130 mara.

378 4180 405 4247 1)
426 4181 467 4233 Ol.
485 4182 641 4249 praesertim
652 4181 798 4249 Biidinger,
818 4183 917 4236 ‘Ileber
938 4184 1065 4237 Gerberts
1085 4181 1336 4236 wissenschaftliche
1351 4178 1404 4229 und

303 4253 444 4320 politische
464 4253 603 4322 Stellung'.
628 4254 706 4308 Kass.
728 4255 807 4308 1851.
881 4257 910 4322 2)
930 4257 1057 4320 Aurillac,
1076 4259 1105 4308 iu
1123 4257 1290 4325 praefectura
1308 4250 1404 4308 cantol·

303 4323 333 4449 88)
358 4327 516 4450 tAtrponerrpii
607 4327 636 4395 4)
665 4329 812 4382 Iohannem
840 4331 919 4394 XIII,
949 4332 995 4398 qui
1023 4333 1099 4384 annis
1128 4331 1190 4394 965,
1217 4333 1277 4386 Oct.
1297 4357 1328 4370 -
1346 4325 1405 4386 9⁷22

327 4413 380 4464 ep.
418 4415 473 4450 .se
494 4417 524 4453 1.
