2938 5016
284 437 437 490 RIOHERI
456 429 711 491 HISTORIARUM
729 436 841 488 LIBER
860 436 882 489 1.
1130 437 1145 484 9

40 615 167 670 vestram
196 605 331 672 salutem
359 607 394 670 in
421 605 479 670 has
501 627 552 668 me
574 605 719 670 miserias
747 605 947 690 precipitavi.
992 605 1055 668 Pro
1079 620 1207 670 θυι-892.

40 692 116 754 nium
144 691 212 756 vita
240 699 364 756 tantum
397 689 574 776 periculum
606 689 713 754 subire
745 709 810 752 non
842 688 969 773 expavi.
1016 687 1144 753 Grande

41 775 157 858 quidem
180 783 229 840 est
249 783 376 859 gestum
397 775 570 859 negotium,
605 773 662 838 sed
683 773 785 836 maior
806 781 853 836 est
874 773 995 857 negotii
1016 771 1144 838 utilitas.

40 859 162 944 Regiam
184 860 383 923 maiestatem
404 880 456 924 me
470 857 599 922 laesisse
615 855 745 943 quidem
758 878 823 921 non
837 854 953 938 abnuo,
976 855 1032 920 sed
1046 855 1147 922 multa

41 942 199 1007 commoda
212 944 247 1006 in
261 943 400 1007 facinore
417 951 602 1028 comparata
616 962 732 1006 assero.
778 939 1024 1005 Consideretur³
1039 941 1145 1006 aucto·

40 1028 76 1088 ris
100 1027 234 1109 animus,
264 1026 534 1091 animadvertatur
554 1027 650 1090 etiam
682 1026 807 1090 suamab
839 1024 989 1088 facinoris
1015 1025 1144 1090 utilitas.

41 1110 206 1176 'lirannum
229 1119 358 1196 captum
379 1119 483 1176 metus
505 1131 602 1176 causa
627 1109 824 1194 baptismum
842 1108 985 1206 petiisse,
1012 1107 1145 1191 adverti,

41 1216 176 1280 eumque,
196 1205 370 1280 postquam
389 1193 608 1276 dimitteretur,
639 1192 784 1279 pluribus
806 1193 929 1258 imuriis
950 1193 1055 1257 vicem
1075 1193 1145 1256 red-

42 1277 170 1342 diturum
198 1300 327 1342 suorum
350 1299 390 1341 ue
419 1289 558 1364 stragem
579 1279 767 1363 gravissime
788 1276 937 1342 ulturum.
980 1277 1019 1340 In
1062 1299 1145 1359 uem,

42 1363 107 1446 quia
128 1361 251 1426 iirtrrrae
274 1361 301 1425 cl
357 1384 492 1426 soausa
512 1363 600 1428 visus
622 1371 684 1444 est,
711 1361 831 1426 ferrum
861 1361 1012 1425 converti.
1089 1381 1146 1424 aec

42 1455 83 1508 est
101 1448 164 1510 mei
191 1447 342 1511 facinoris
371 1467 476 1510 causa.
519 1445 611 1510 Haec
631 1468 683 1510 me
705 1445 747 1509 ad
770 1444 872 1509 scelus
894 1444 1029 1529 impulit.
1073 1445 1145 1509 Hoc

42 1528 76 1592 ob
96 1532 178 1615 regis
200 1551 394 1615 suorumque
417 1529 551 1594 salutern
572 1530 694 1616 peregi.
736 1529 780 1593 Et
800 1530 922 1592 utinam
952 1539 1052 1593 morte
1074 1551 1146 1593 mea

41 1616 153 1697 patriae
180 1613 311 1678 libertas
343 1635 512 1713 rerumque
544 1613 754 1699 tranquillitas
786 1614 1035 1698 consequantur!
1081 1612 1146 1678 Sed

42 1698 65 1759 si
85 1697 217 1781 occidor,
240 1697 282 1762 ob
308 1699 394 1784 regis
424 1707 661 1784 primatumque
690 1696 824 1762 salutem
853 1699 976 1761 occisus
1002 1696 1144 1762 videbor.

43 1779 83 1845 Co
104 1784 159 1846 itet
189 1785 255 1846 iam
283 1783 427 1868 quisque,
460 1805 502 1846 an
531 1804 590 1866 pro
620 1780 802 1845 huiusmodi
823 1781 969 1845 mercede
992 1782 1043 1845 eib
1066 1780 1146 1844 mili-

41 1805 162 1930 tandum
184 1869 233 1947 sit,
257 1874 288 1928 et
309 1889 350 1930 an
371 1887 431 1952 pro
452 1865 516 1930 lide
538 1875 663 1930 servata
691 1865 747 1929 tali
774 1864 962 1929 habendusc
991 1867 1032 1930 sit
1058 1866 1146 1929 retri-

42 1948 169 2015 butione.
212 1949 300 2014 Ecce
322 1951 436 2034 capitis
459 1959 491 2014 et
505 1950 644 2034 pectoris
658 1948 828 2034 laterisque
843 1951 984 2014 recentia
997 1949 1144 2014 vulnera!

42 2031 145 2098 Patent
175 2033 416 2120 precedentium
448 2044 629 2119 temporum
664 2034 825 2098 cicatrices
861 2033 1059 2120 dispersique
1089 2055 1147 2118 per

42 2117 91 2180 reli
112 2141 153 2183 ua
173 2120 316 2206 corporis
330 2117 476 2182 membra
489 2117 614 2182 livores.
659 2118 803 2198 Quorum
825 2118 961 2182 assiduis
983 2117 1146 2182 doloribus

43 2221 74 2264 co
106 2212 191 2268 ectus
200 2203 224 2285 ⁶,
256 2201 335 2265 nihil
364 2211 437 2288 post
458 2211 506 2266 tot
526 2199 611 2266 mala
631 2203 694 2266 nisi
715 2211 850 2266 mortem
871 2201 1028 2266 malorum
1049 2202 1145 2265 finem

43 2289 200 2371 exspecto'.
245 2286 339 2366 Quae
362 2287 586 2372 conquestione
609 2285 688 2350 alios
706 2287 748 2350 ad
769 2285 1016 2349 benivolentiam
1037 2285 1144 2365 traxit,

43 2367 111 2433 alios
130 2391 206 2436 vero
229 2370 271 2434 ad
291 2369 439 2434 lacrimas
457 2371 502 2434 im
527 2369 594 2438 ulit.
638 2369 732 2434 Unde
748 2377 780 2432 et
793 2368 908 2432 milites
923 2390 982 2454 pro
997 2389 1035 2432 eo
1049 2389 1146 2452 agen-

42 2461 90 2534 tes,
110 2477 217 2540 regem
233 2453 413 2520 demulcent
427 2464 459 2518 et
529 2455 657 2540 pietatis
673 2452 872 2517 clementiam
894 2451 1044 2535 suadent3
1066 2451 1145 2516 nihil

43 2539 102 2620 regi
118 2538 269 2624 prodesse
283 2548 468 2620 asserentes,
492 2539 519 2601 si
534 2560 664 2602 suorum
685 2538 863 2622 *quispiam
877 2537 1024 2619 intereat3
1046 2537 1144 2601 immo
1155 2563 1211 2610 ‘for
1222 2569 1245 2611 5,

43 2621 70 2682 in
89 2623 201 2686 tiranni
224 2623 382 2687 occisione
403 2621 619 2707 gaudendum,
641 2621 692 2686 vel
714 2623 789 2707 quia
809 2621 894 2686 vitae
920 2621 1012 2686 datus
1039 2623 1088 2704 sit,
1118 2623 1145 2686 si

43 2701 133 2770 fidelis
154 2705 300 2789 decessit,
329 2705 381 2772 vel
403 2707 479 2792 quia
500 2706 568 2770 eius
594 2705 728 2770 insidiae
756 2707 883 2792 penitus
908 2705 1089 2787 defecerint,
1118 2707 1145 2770 si

43 2787 71 2849 in
90 2789 157 2854 dolo
179 2791 224 2856 ba
247 2792 378 2854 tismum
407 2791 591 2874 susceperit.
635 2789 760 2871 Quibus
782 2811 841 2852 rex
862 2791 1003 2854 animum
1024 2799 1144 2876 tempe-

43 2893 115 2956 rans,
135 2885 203 2938 tum
238 2884 290 2939 ato
319 2873 466 2956 barbaro,
494 2875 650 2959 Ingonem
671 2875 706 2937 in
726 2875 829 2959 gratia
850 2875 992 2937 resumit.
1035 2873 1078 2938 Et
1099 2875 1144 2936 in-

43 2977 128 3041 super
148 2969 287 3024 castrum
309 2957 396 3044 quod
416 2957 567 3022 Blesum¹
587 2957 703 3022 dicitur
724 2959 754 3022 ei
774 2956 947 3022 liberaliter
968 2979 1145 3022 accommo-

43 3037 97 3122 dat,
118 3063 153 3106 eo
176 3042 263 3128 quod
277 3044 305 3106 is
342 3044 376 3106 ui
391 3044 485 3107 castri
506 3040 683 3106 custodiam
702 3040 820 3128 agebat
840 3042 874 3104 in
894 3041 978 3106 bello
1000 3042 1144 3126 pyratico

44 3127 154 3190 occisus
177 3136 269 3190 esset.
312 3064 392 3190 dius
415 3149 541 3212 quoque
570 3147 704 3190 uxorem
734 3125 916 3190 derelictam
945 3125 1029 3190 dono
1056 3127 1145 3210 regio

43 3207 72 3268 in
89 3211 286 3274 matrimonio
301 3210 402 3296 Ingol
426 3209 488 3274 sibi
510 3209 676 3296 accopulat
684 3209 703 3274 f.
745 3209 843 3294 Regis
865 3209 991 3272 exinde
1003 3230 1041 3272 ac
1061 3211 1146 3294 prin-

45 3291 138 3375 cipum
170 3296 276 3380 gratia
302 3293 476 3358 admodum
503 3317 589 3376 usus,
645 3315 774 3378 rospere
804 3314 842 3356 ac
874 3292 1007 3356 feliciter
1040 3294 1146 3356 omnia

45 3376 170 3456 gerebat.
206 3378 328 3442 Verum
350 3377 384 3442 id
405 3379 439 3442 in
460 3378 560 3444 brevi.
602 3315 687 3443 iliam
707 3376 874 3441 vulnerum
896 3377 999 3439 sanies
1021 3374 1104 3438 male
1126 3399 1146 3439 a

46 3458 163 3547 cirurgis
186 3472 362 3548 amputata,
392 3483 464 3526 curn
486 3462 545 3526 sub
566 3463 700 3528 recutita
729 3459 895 3546 superficie
921 3469 1078 3524 tumorem
1099 3461 1145 3522 in-

44 3542 183 3610 trinsecus
200 3557 394 3645 operaretur,
416 3547 515 3611 nimio
531 3545 673 3612 humoris
687 3545 893 3610 reumatismo
908 3541 1001 3629 plusb
1016 3541 1145 3607 biennio

44 3637 195 3713 vexatusss,
218 3653 251 3693 m
273 3629 390 3694 lectum
412 3629 539 3708 decidit.
571 3630 665 3695 Unde
687 3639 719 3693 et
739 3626 907 3693 intercluso
929 3636 1071 3692 reumate
1093 3649 1147 3713 pe-

44 3710 116 3776 nitus
136 3715 296 3779 intumuit.
333 3713 450 3800 Sicque
471 3724 537 3779 toto
561 3711 733 3799 erisipilato
755 3733 897 3797 corpore,
911 3713 1011 3777 vitam
1030 3713 1145 3793 amisit,

46 3791 201 3862 Gerlonem
215 3797 316 3862 filium
331 3820 467 3884 parvum
482 3799 683 3883 superstitem
701 3795 891 3882 relinquens.
935 3796 1000 3876 Qui
1014 3795 1055 3860 ab
1070 3817 1146 3881 rege

45 3882 127 3944 tutori
147 3883 346 3964 commissus,
368 3884 597 3968 patrimonium¹
617 3903 689 3945 cum
711 3890 812 3944 matre
834 3880 984 3964 possedit.

94 4053 114 4105 a)
130 4067 184 4106 ergo
199 4057 239 4097 det.
285 4053 309 4107 b)
322 4061 373 4106 post
388 4057 438 4096 cdd.
485 4053 506 4108 c)
522 4055 573 4097 h.s.
585 4065 610 4095 re
627 4065 706 4093 ecorr.
752 4051 776 4105 d)
792 4054 816 4093 in
831 4065 899 4104 marc.
916 4053 972 4101 add„
989 4056 1040 4103 post
1055 4063 1065 4091 e
1080 4063 1146 4102 corr„

47 4111 74 4150 tot
86 4115 148 4155 nstin
164 4117 269 4156 contecto
284 4125 342 4156 corr.
358 4119 392 4156 tot
407 4115 475 4156 mala.
537 4112 558 4164 e)
577 4113 626 4162 Qua
643 4113 815 4162 conquesttonis
831 4114 866 4152 vis
882 4123 937 4152 corr.
954 4111 981 4160 Q.
1000 4123 1018 4152 c.
1074 4109 1147 4162 oco·

48 4169 100 4215 pnlst
114 4175 134 4216 1.
192 4176 216 4225 g)
232 4177 288 4214 voto
303 4174 343 4218 del.

109 4303 135 4373 1)
153 4307 235 4360 Blois.
