2938 5016
280 379 434 432 RIOHRRI
453 381 705 434 HISTORIARUM
724 384 835 436 LIBER
854 385 876 436 Ι.
1099 385 1134 436 85

77 551 122 613 bl.
156 549 275 634 Regisa
297 570 336 612 ac
357 548 555 633 piratarum⁸
577 548 758 616 conflictios
781 561 973 639 eorumque·
994 551 1087 618 fusio.
1144 569 1195 614 aso.

105 649 236 714 Edicto¹
259 671 336 736 ergo
358 651 446 749 regio
469 651 616 716 omnibus
639 654 694 739 qui
716 652 755 718 de
777 652 905 720 militari
927 654 1037 720 ordine
1051 653 1134 720 vale·

37 736 100 799 bant
117 735 225 799 accitis
250 757 292 799 ex
318 732 424 798 Gallia
449 733 571 800 Celtica
593 758 666 800 cum
688 735 817 801 multisb
846 736 1028 824 Belgarum,
1058 738 1134 803 duo-

37 820 124 883 decim
145 819 290 883 cohortes
312 817 446 884 ordinat.
497 818 580 884 Cum
637 818 732 885 uibus
754 822 814 886 iter
840 823 1005 908 arripiens,
1032 845 1134 909 usque

37 903 208 968 Lemovicas
247 902 403 1002 procedit.
459 902 596 991 lbique⁰
615 842 808 990 ⁴legionibus
847 905 1025 993 dispositio,
1059 929 1134 972 cum

36 998 163 1085 pyratae,
195 1009 231 1051 re
267 1009 320 1050 um
351 989 527 1074 equitatum
554 1010 620 1052 non
645 991 850 1072 sustinentes,
876 991 970 1075 profu
993 991 1024 1054 io
1054 991 1134 1076 eripi

36 1081 201 1153 niterentur,
224 1093 244 1134 a
287 1072 522 1157 Aquitanorum
543 1071 669 1158 legione
698 1073 817 1160 repulsi
839 1085 921 1140 sunt.
965 1014 1036 1138 Rex
1056 1096 1132 1138 vero

37 1176 94 1220 cum
114 1155 297 1220 cohortibus
322 1166 519 1254 prosecutus,
546 1158 638 1242 gravi
667 1157 766 1222 ceded
817 1181 875 1223 ene
905 1180 1013 1223 omnes
1042 1157 1132 1240 fudit,

36 1245 129 1324 paucis
149 1240 230 1324 fuga
250 1239 359 1326 lapsis.
403 1238 540 1305 Suorum
561 1263 638 1305 vero
666 1265 753 1306 nonn
799 1243 975 1325 rsauciati,
998 1265 1039 1307 ex
1067 1240 1133 1306 vul·

35 1346 95 1390 nere
110 1322 308 1388 convaluere.
351 1322 460 1411 Aliqui
483 1325 579 1390 etiam
601 1325 768 1390 interfecti.
802 1327 913 1414 ltaque
934 1327 1054 1392 factum
1076 1336 1132 1408 cst,

36 1417 64 1471 ut
75 1409 223 1495 Aquitani
237 1409 356 1492 gratias
378 1410 446 1493 regi
464 1408 632 1475 reddentes
654 1409 753 1476 multa
768 1412 796 1476 ei
811 1409 1024 1476 benivolentia
1040 1410 1134 1476 subdi

35 1491 175 1557 voluerint
195 1513 234 1555 ac
255 1493 324 1556 iure
347 1493 537 1558 sacramenti
558 1494 592 1556 in
615 1493 711 1559 fidem
734 1495 948 1559 firmissimam
971 1516 1135 1559 concesse-

34 1577 94 1644 rint.
144 1577 270 1658 Quibus
295 1574 414 1642 utiliter
441 1578 585 1664 patratis,
614 1601 673 1642 rex
702 1580 876 1644 exercitum
905 1578 1033 1644 reduxit
1061 1601 1134 1666 pro-

35 1661 224 1746 cinctumque
246 1658 349 1724 solvit.

226 1781 278 1850 58.
307 1781 482 1868 [Heriberti
503 1785 565 1868 ete]
587 1782 736 1868 Hugonis
759 1783 923 1849 dissensio.

107 1883 190 1958 Dum
216 1885 297 1948 haec
318 1893 513 1968 gererentur,
543 1886 625 1952 inter
650 1885 841 1971 Hugonemf
871 1897 902 1952 et
928 1886 1195 1954 Heribertumem.

34 1968 67 2031 dc
115 1968 270 2034 relaturae
308 1969 463 2054 dignitate
503 1967 574 2034 lites
610 1970 780 2054 agitantur.
837 1971 1031 2058 Efferatique
1064 1993 1133 2036 sese

33 1991 124 2135 predis
151 2065 183 2118 et
210 2052 367 2116 incendiis
396 2054 536 2139 graviter
563 2052 713 2119 afficiunt.
763 2055 834 2120 Rex
867 2057 900 2118 in
927 2056 1134 2121 Heribertum

33 2135 205 2222 indignans,
238 2160 276 2202 eo
309 2136 395 2223 quod
427 2136 581 2223 perfidiae
636 2147 775 2202 romtum
813 2161 881 2204 esse
918 2149 1133 2225 cognosceret,

33 2217 190 2306 Hugonisss
210 2219 379 2308 partibus&
401 2219 506 2286 tabat
514 2234 537 2299 8,
559 2161 667 2287 uncle&
696 2231 727 2286 et
747 2222 929 2288 Heribertiss
957 2222 1134 2309 oppidumh

33 2302 223 2370 Donincum²
249 2306 387 2387 nominc,
416 2305 556 2392 Hugone
578 2307 687 2386 ascito,
709 2327 879 2392 aggressus
901 2314 1066 2392 expugnat
1094 2326 1133 2369 ac

34 2400 146 2473 captum
168 2389 274 2454 diruit.
318 2389 386 2454 Nec
408 2391 513 2454 minus
539 2399 570 2454 et
591 2390 782 2456 Atrebatum
804 2388 968 2455 obsidione
990 2387 1133 2454 adhibita

34 2475 103 2557 cepit
130 2475 301 2560 *civesque
322 2475 422 2540 victos
449 2497 487 2539 ac
509 2475 628 2539 iuratos
656 2475 717 2539 sibi
744 2475 906 2540 annexuit.
961 2475 1033 2540 Rex
1057 2473 1182 2539 inde'r·
1198 2481 1248 2525 ⁵⁸⁶·

34 2556 189 2641 digressus,
216 2580 289 2622 cum
310 2561 453 2657 quietum
482 2581 550 2624 sese
580 2557 796 2640 arbitraretur,
823 2559 1024 2642 Heribertus,
1054 2558 1133 2623 Ger-

33 2645 120 2706 manis
150 2643 203 2729 qui
231 2641 335 2706 Rham
361 2641 454 2708 litora
482 2641 646 2708 incolunt³
675 2644 812 2727 eductis,
839 2645 873 2708 in
901 2666 1010 2729 regem
1034 2642 1133 2708 fertur

34 2746 62 2786 ac
74 2724 247 2791 execrabili
262 2726 368 2791 furore
383 2727 531 2792 incendia
552 2728 744 2814 rapinasque
765 2729 918 2794 exercuit.
952 2729 1028 2793 Insu
1053 2751 1087 2793 cr
1102 2737 1134 2792 ct

33 2806 166 2894 Hugonis
178 2809 343 2898 oppidum,
355 2809 455 2897 quodi
467 2833 559 2876 secus
574 2820 746 2878 torrentem
756 2811 898 2878 Vitulam
909 2813 1004 2877 situm
1045 2812 1135 2877 raina

33 2889 137 2959 dicitur
145 2905 167 2977 ⁴,
197 2903 344 2982 occupat,
374 2896 461 2982 capit
489 2918 527 2960 ac
550 2895 657 2960 dimit.

252 3017 303 3080 59.
338 3014 583 3106 [Delibelratiol
607 3016 761 3105 [control]
784 3039 902 3103 regem.

101 3117 208 3182 Huius
229 3140 305 3182 vero
335 3117 545 3184 contumeliae
571 3141 700 3184 causam
727 3142 786 3184 rex
808 3141 841 3184 se
865 3120 1065 3185 constituisse
1087 3120 1133 3183 in-

34 3197 174 3286 telligens,
208 3203 277 3266 eius
308 3203 483 3287 potentiam
511 3203 654 3269 minuere
687 3203 869 3291 quaerebat.
922 3201 1134 3268 Remensibus

34 3303 95 3368 ergo
117 3285 244 3352 civibus
266 3284 388 3372 legatos
408 3287 506 3352 mittit
524 3311 563 3353 ac
584 3298 620 3353 ut
639 3287 824 3374 pontificem
839 3285 958 3372 eligant
986 3286 1133 3372 precipit.

34 3365 115 3446 Quod
143 3369 257 3436 etiami
286 3371 320 3433 ni
347 3370 476 3453 faciant,
504 3370 601 3436 alium
623 3373 743 3458 preter¹
765 3393 875 3436 eorum
895 3369 976 3435 velle
998 3371 1044 3434 eis
1065 3391 1133 3436 sose

33 3449 244 3538 impositurum
265 3454 404 3520 mandat.
446 3456 492 3522 At
512 3457 608 3539 cives,
630 3457 738 3542 regiae
759 3454 925 3541 legationis
947 3452 1133 3519 mandatum

33 3539 255 3624 excipientesm,
288 3537 367 3624 quid
398 3539 459 3625 ipsi
490 3539 565 3606 inde
596 3539 695 3606 velint
727 3561 765 3604 ac
796 3539 947 3621 sentiant,
979 3561 1037 3638 per
1059 3557 1133 3602 suos

32 3615 138 3705 legatos
161 3623 317 3706 referunt3
341 3645 409 3688 sesa
434 3623 584 3690 videlicet
610 3625 699 3710 regio
724 3625 813 3688 iussu
834 3623 996 3689 Heribcrfi
1022 3621 1133 3706 filium,

32 3698 95 3768 licet
107 3707 213 3772 adhuc
228 3729 374 3792 puerum,
389 3709 567 3794 suscepisse
582 3718 677 3796 atque
691 3709 874 3794 pontificem
889 3707 1040 3795 elegisse;
1059 3705 1134 3772 inde

32 3787 114 3854 etiam
139 3791 237 3856 fidem
265 3792 295 3856 ei
323 3791 387 3855 iam
408 3791 526 3856 factam
554 3793 841 3875 accommodasse&
871 3801 1064 3940 quapropter
1087 3792 1134 3856 in·

32 3874 172 3953 possibile
194 3897 274 3957 esse,
302 3885 339 3939 ut
359 3875 422 3940 fide
443 3875 596 3941 inviolata
624 3875 665 3941 ab
696 3899 733 3942 eo
760 3877 806 3941 sic
836 3876 876 3941 de
901 3899 972 3942 cero
1000 3877 1133 3963 possint

81 4017 102 4070 a)
116 4020 145 4071 R,
160 4021 220 4070 pira,
236 4021 342 4072 filaque
358 4021 369 4059 l
389 4019 446 4063 abac.
512 4019 536 4074 b)
553 4021 690 4071 quibusdam
707 4023 726 4062 1.
793 4020 814 4074 c)
831 4023 860 4062 ab
874 4033 929 4072 rege
944 4023 982 4061 dcl.
1045 4019 1067 4071 d)
1083 4031 1134 4069 prs·

32 4071 56 4112 lio
72 4079 90 4118 1.
134 4077 156 4130 e)
173 4079 203 4119 Η.
221 4080 299 4120 disson
314 4079 365 4119 attis
380 4081 468 4120 atam
483 4091 500 4122 a
567 4079 585 4131 s)
601 4079 657 4120 flou
669 4091 686 4122 c.
747 4080 770 4134 g)
786 4081 815 4122 Η.
835 4103 860 4111 -
877 4080 993 4121 Heribertl
1013 4079 1037 4118 ta
1052 4089 1133 4128 marcq

31 4131 133 4190 lingonis,
150 4149 187 4190 pa,
203 4139 263 4190 stab,
278 4149 319 4190 nn,
335 4139 370 4179 Hs
386 4140 442 4181 abac.
503 4138 528 4191 h)
545 4140 595 4181 olus
611 4143 710 4180 castrum
727 4141 746 4180 1.
799 4138 818 4191 l)
831 4139 940 4189 pascuus.
1000 4135 1025 4188 k)
1041 4137 1133 4188 Dellbc,

32 4199 100 4236 contra
115 4197 181 4249 absa,
197 4209 265 4248 ecqua
277 4209 372 4248 proram
386 4199 476 4240 incerta.
540 4197 558 4250 l)
574 4209 626 4240 sose
641 4211 665 4250 p.
681 4210 701 4241 e.
716 4210 737 4240 v.
755 4209 776 4240 c.
792 4200 807 4240 1.
827 4201 846 4239 1.
907 4196 938 4248 m)
955 4196 1095 4237 admirantes
1113 4198 1133 4238 l.

96 4299 124 4366 1)
143 4303 221 4354 Haec
240 4303 356 4355 brevitor
374 4307 464 4354 narrat
481 4301 560 4354 Flod.
580 4319 605 4354 a.
620 4303 683 4354 930.
757 4301 785 4368 Ξ)
804 4301 933 4356 Doulons.
990 4300 1016 4364 3)
1036 4298 1135 4354 Letha-

30 4368 152 4426 n'cna'bas
169 4375 248 4428 Flod.
323 4373 353 4442 4)
372 4377 470 4429 Brains
490 4393 534 4428 sur
552 4377 641 4430 Vcslo.

858 4459 896 4524 3*
