2938 5016
308 369 342 422 56
565 365 718 420 RICHERI
737 365 991 420 HISTORIARUM
1013 366 1124 420 LIBER
1143 366 1183 419 11.

251 552 300 594 ⁹⁴2·
312 538 394 603 ictus
417 535 619 601 differrentur
628 544 651 616 ¹,
682 533 782 600 donec
812 534 921 599 navim
949 543 1116 621 repeteret,
1147 535 1172 598 si
1195 533 1278 600 forte
1299 533 1411 618 navigio
1462 591 1463 598 ,

312 643 386 687 eum
417 618 584 685 advenisse
616 619 822 704 contingeret.
878 616 1024 704 Cumque
1056 619 1121 682 iam
1153 619 1336 704 navigareth
1365 640 1412 702 per

312 703 455 793 pelagus,
493 725 551 790 per
587 703 767 767 coniuratos
803 701 902 768 multo
938 701 1077 768 clamore
1112 713 1326 786 revocaretur,
1359 701 1413 766 acsi
1462 779 1463 784 ἵ

313 787 434 876 aliquid
456 788 643 873 precipuum
667 785 825 852 oblivione
852 787 1092 872 pretermissum
1114 787 1292 852 auditurus.
1333 785 1413 850 Navi·
1462 829 1463 868 ,

314 871 386 937 cula
408 894 483 958 ergo
506 871 680 936 advectus⁰
709 891 781 934 cum
804 871 924 956 paucis,
954 869 1023 934 aliis
1045 872 1077 934 in
1102 869 1217 957 pelago
1234 871 1414 957 expectanti·
1462 931 1463 936 ,

314 956 383 1040 bus,
407 956 561 1021 coniurati
582 953 697 1054 gladiis
719 953 841 1020 eductis
862 956 1024 1018 incautum
1045 955 1257 1020 adorirentur.
1303 954 1413 1019 sivero

314 1049 459 1127 equester
480 1038 654 1122 advemret,
677 1047 750 1124 post
768 1037 891 1104 consilii
913 1038 1010 1103 linem
1032 1037 1166 1103 Amulio
1186 1038 1341 1124 digresso,
1360 1036 1415 1100 illo-
1462 1079 1463 1124 ,

314 1146 375 1212 que
394 1123 572 1205 recedente,
591 1123 746 1186 coniurati
766 1122 939 1188 identidem
958 1124 1049 1188 eum‘¹
1067 1131 1257 1209 repeterent,
1278 1143 1415 1208 magnum
1462 1127 1463 1206 ζ

315 1207 467 1295 quiddam
491 1230 559 1273 sese
581 1205 693 1272 afferre
715 1205 914 1288 simulantes,
937 1229 975 1272 ac
1001 1206 1192 1294 quibusdam
1214 1208 1313 1272 etiam
1340 1206 1415 1270 seriis
1460 1219 1463 1316 q

314 1293 452 1357 accitum
475 1291 659 1372 detinerent,
687 1289 789 1354 donec
817 1292 939 1356 cunctis
991 1289 1174 1356 reeuntibus
1201 1300 1361 1358 extremus
1379 1312 1416 1353 re·

313 1385 451 1442 trorsum
473 1373 642 1440 incederet.
665 1375 768 1456 Quem
791 1374 897 1440 adorsi
908 1377 934 1418 θ’
955 1314 1070 1460 glludiis
1085 1377 1167 1439 nond
1182 1377 1313 1440 minus<¹
1332 1384 1416 1439 nans-

314 1461 528 1526 verberarent.
579 1458 816 1546 insurgentium
847 1480 921 1524 vero
952 1460 1126 1558 piratarum
1154 1460 1221 1524 vim
1249 1458 1416 1538 evaderent,
1460 1469 1461 1536 g

316 1545 342 1608 si
371 1543 482 1630 equise
510 1540 674 1608 velocibus
704 1543 787 1628 rapti
820 1543 861 1607 ad
883 1543 1048 1607 dommum
1078 1565 1150 1608 cum
1179 1543 1281 1643 copiis
1311 1551 1416 1630 presto-

314 1626 450 1692 lantoml
466 1626 662 1710 transfugere
678 1627 898 1712 tempestivius
918 1626 1131 1694 accelerarent
1139 1638 1162 1692 ἔ.
1195 1627 1321 1692 Piratae
1336 1626 1416 1691 etiam
1460 1643 1461 1648 ¹

315 1720 391 1776 tunc
412 1709 491 1774 nihil
512 1709 598 1774 aliud
621 1731 715 1796 quam
739 1710 812 1774 aautd
832 1710 941 1796 fugam
969 1710 1200 1776 acceleraturos
1227 1720 1283 1775 aut
1311 1709 1417 1775 domini

316 1793 484 1880 exsequias
513 1794 770 1878 procuraturosl.
822 1795 939 1882 Sicque
968 1795 1088 1860 factum
1117 1803 1208 1876 esset,
1235 1805 1271 1860 ut
1298 1792 1416 1860 Amulio

314 1878 490 2026 igqorante,
521 1898 558 1942 eo
582 1877 668 1964 quod
697 1878 811 1942 absens
842 1889 934 1962 esset,
964 1889 1086 1945 tantum
1114 1879 1238 1943 facinus
1271 1889 1417 1965 patruum

314 1983 348 2026 vr
373 1968 485 2028 eretur.

601 2081 651 2146 33.
685 2079 827 2146 Wilelmi
850 2081 939 2148 ducis
961 2082 1147 2149 interfectio

400 2185 513 2272 Legati
546 2185 653 2335 itaque
687 2184 809 2267 directi,
846 2183 1039 2270 colloquium
1072 2195 1185 2270 petunt
1217 2194 1249 2249 et
1280 2187 1418 2272 optinent.

220 2293 273 2334 osa.
315 2269 457 2356 Tempus
489 2278 563 2356 post
612 2270 657 2334 ies
685 2270 726 2334 30
748 2269 850 2333 datur.
901 2267 1006 2332 Locus
1035 2290 1161 2355 quoque
1187 2269 1221 2332 in
1272 2290 1334 2354 ago
1355 2267 1418 2332 Am-

190 2351 460 2420 1>⁰⁴’·²l·bianensi
483 2377 573 2420 secus
596 2353 729 2419 fluvium
759 2352 934 2435 Summam,
963 2352 1018 2418 ubi
1048 2363 1096 2417 est
1124 2351 1227 2416 insula
1284 2353 1419 2417 inchinea

316 2438 531 2504 conceditur¹.
575 2437 776 2584 Negotioque
799 2445 938 2522 peracte,
960 2434 1056 2582 legati
1084 2436 1228 2502 redeunt.
1272 2437 1417 2522 Tempore

991 2545 1000 2583 1

315 2543 391 2606 ergo
426 2521 605 2604 constituto,
637 2521 729 2584 Arnu
740 2520 790 2584 fus
823 2530 916 2603 terra,
947 2520 989 2586 W
1014 2517 1114 2584 elmus
1146 2542 1231 2606 aqua
1263 2522 1296 2584 in
1327 2520 1417 2584 locum

201 2623 237 2680 ‘a
254 2627 305 2671 sss.
315 2605 507 2670 destinatum
530 2607 731 2670 conveniunt.
774 2603 883 2668 Aede
905 2604 1053 2668 amicicia
1074 2603 1218 2687 multum,
1240 2605 1417 2690 *plurimum

315 2688 355 2752 de
382 2686 445 2751 fide
480 2689 638 2776 utrimque
667 2687 825 2754 servanda
852 2685 999 2754 collocuti
1027 2698 1102 2753 sunt
1130 2699 1224 2774 atque
1253 2699 1327 2775 post
1354 2709 1418 2751 non-

315 2769 418 2835 nullos
451 2793 611 2837 sermones
643 2792 663 2834 a
696 2793 729 2837 se
763 2771 865 2836 soluti.
917 2769 1069 2836 Arnulfus
1101 2772 1238 2836 reditum
1268 2770 1417 2848 simulans,

316 2853 558 2940 aliquantisper*
582 2855 767 2940 digreditur.
821 2854 989 2921 Wilelmus
1011 2877 1087 2920 vero
1110 2855 1151 2919 ad
1174 2854 1306 2920 classem
1328 2854 1417 2920 rediit

315 2937 568 3025 Navioulamque
589 2940 753 3025 ingressus
776 2938 853 3004 dum
875 2963 934 3026 per
960 2939 1093 3026 pelagus
1119 2941 1296 3024 navigaret,
1318 2962 1337 3003 a
1357 2959 1417 3002 con-

315 3022 426 3087 iuratis
448 3021 547 3087 multo
571 3025 727 3109 strepitul
752 3021 949 3106 inclamatus,
974 3045 1106 3123 proram
1136 3025 1281 3089 obvertit.
1324 3020 1419 3086 Remi-

316 3127 395 3192 gans
419 3128 459 3170 ue
482 3105 523 3169 ad
545 3105 629 3190 litus,
653 3107 730 3195 quid
751 3106 868 3174 vellent
890 3110 1116 3191 sciscitaturus,
1145 3107 1237 3174 redit.
1281 3105 1330 3172 Illi
1351 3127 1417 3170 mox

316 3128 468 3278 quiddam
490 3191 733 3276 preocissimum
759 3215 793 3256 se
816 3190 939 3257 deferre
968 3201 1122 3276 asserunt,
1152 3191 1238 3278 quod
1260 3214 1280 3256 a
1301 3191 1418 3256 domino

315 3296 372 3341 suo
395 3273 554 3341 oblivione
577 3298 784 3363 suppressum
805 3275 874 3340 fuit.
914 3276 1003 3359 Dux,
1026 3274 1173 3342 navicula
1202 3274 1287 3340 litori
1308 3273 1417 3360 apulsa,

314 3357 384 3426 illos
404 3361 473 3426 exui
500 3359 534 3444 it,
563 3361 720 3447 aquibus
743 3359 859 3426 etiam(¹
881 3381 959 3423 mox
980 3359 1096 3444 gladiis
1118 3359 1256 3425 eductis¹
1278 3356 1416 3424 interimi-

314 3452 374 3508 tur.
403 3382 540 3511 Duobus
562 3466 688 3544 quoque
710 3442 897 3530 puberibus,
921 3444 976 3590 qui
991 3465 1065 3507 cum
1082 3465 1120 3509 eo
1134 3444 1272 3508 inermes
1287 3442 1417 3519 aderant,

315 3535 347 3591 et
374 3537 472 3592 nauta
501 3530 668 3611 sauciatis,
702 3550 722 3591 a
750 3525 897 3591 navicula
941 3527 1099 3591 acinorosi
1128 3525 1263 3592 exiliunt
1291 3547 1327 3590 ac
1354 3532 1418 3611 post

314 3613 479 3674 conscium
501 3609 665 3674 dominum
687 3611 720 3674 in
741 3610 851 3696 fugam
873 3609 1027 3675 feruntur.
1071 3609 1136 3691 Qui
1158 3621 1265 3675 autem
1287 3611 1346 3673 iam
1368 3627 1417 3694 per

313 3690 445 3778 pelagus
459 3694 663 3779 navigabant,
687 3695 830 3759 conversi
850 3694 923 3759 litus
939 3694 1083 3759 relictum
1108 3704 1257 3780 repetunt
1278 3715 1314 3758 ac
1328 3690 1416 3757 domi·
1462 3733 1463 3738 κ

312 3797 390 3839 num
426 3777 651 3862 interemptum
687 3777 766 3844 duos
790 3800 830 3843 ue
862 3777 1000 3864 puberes
1037 3787 1068 3844 et
1102 3787 1233 3842 nautam
1270 3776 1415 3842 sauciatos

313 3859 487 3926 inveniunt.
519 3858 754 3948 Sumptumque
769 3801 894 3929 domini
917 3884 1033 3948 corpus
1055 3860 1251 3928 lamentabili
1274 3858 1414 3946 obsequio

313 3941 496 4030 sepulturae
518 3943 695 4030 deportant.

372 4071 394 4122 a)
411 4070 531 4113 differrent
542 4074 560 4112 1.
608 4069 631 4124 b)
648 4083 672 4123 p.
687 4083 710 4122 p.
727 4085 750 4116 n.
769 4077 789 4115 1.
836 4071 983 4125 oleoductus
1001 4076 1020 4115 1.
1066 4069 1195 4125 c⁸)sdorsls
1205 4073 1224 4116 1.
1276 4068 1299 4121 d)
1313 4066 1415 4118 postest.

313 4127 334 4181 e)
350 4141 372 4174 v.
389 4141 408 4172 e.
423 4139 450 4170 ra
467 4132 486 4172 1.
576 4127 783 4182 llsxspeetautem
800 4135 820 4174 1.
911 4131 935 4185 ε)
959 4135 1065 4176 valerent
1081 4135 1101 4174 1.
1191 4127 1216 4180 n)
1241 4130 1381 4172 wecuturos
1396 4125 1414 4162 1.

312 4185 330 4240 t)
347 4199 426 4231 eron.
503 4189 526 4242 k)
545 4191 644 4232 clamore
662 4193 681 4233 1.
743 4189 759 4244 l)
776 4191 861 4234 strictis
878 4195 898 4234 1.

361 4280 415 4406 ἐξ
442 4285 601 4354 Picquigny.
641 4285 682 4339 Cf.
707 4287 855 4350 Dilmmler,
881 4289 1076 4355 Forsohuugen
1102 4287 1150 4351 1v,
1170 4303 1197 4354 p.
1217 4283 1286 4349 383;
1317 4283 1374 4335 Otto
1392 4278 1413 4328 I.

311 4372 339 4424 p.
431 4372 457 4406 n.
