2936 5010
321 419 373 470 156
563 416 714 470 RIOHERI
734 415 987 470 HISTORIARUM
1005 415 1117 466 LIBER
1136 415 1204 468 1111.

257 603 307 644 nor.
317 587 507 673 promissam
528 607 596 651 sese
618 607 770 671 umquam
800 583 1008 666 violattnurn3
1034 606 1147 668 regum
1175 581 1282 648 hostes
1303 603 1363 669 pro
1385 583 1425 644 in-

159 661 306 766 Geffbllffl·
318 671 412 756 genio
435 680 467 735 et
487 670 609 735 viribus
631 669 866 756 impetiturum,
893 665 1018 754 illisque
1047 669 1080 730 in
1108 666 1194 731 nullo
1216 667 1426 732 communica-

223 750 228 762 ’
263 749 268 763 ’
302 753 434 819 turum.
458 753 523 818 Sed
538 754 614 840 quia
628 751 765 818 Karolus
787 750 964 816 avunculus
980 763 1087 815 meus¹
1103 773 1214 850 regum
1230 752 1426 816 adversarius

319 846 415 925 patet,
445 860 518 902 cum
545 839 574 902 ei
600 839 628 902 is
653 837 692 901 de
719 859 781 922 quo
808 835 969 923 loquimur
997 837 1242 900 commumcavit
1269 835 1425 918 fidemque

320 931 517 988 sacramento
545 921 642 1003 dedit,
671 922 720 985 ius
748 920 823 985 fidei
844 921 1020 1006 promissae
1065 921 1168 983 enitus
1189 918 1330 1006 abrupit.
1379 919 1426 981 An

318 1007 488 1072 Manasse⁸
503 1015 534 1070 et
548 1006 704 1090 Rotgerus
726 1027 838 1092 regum
853 1004 1027 1068 adversarii
1041 941 1170 1068 dicendi
1191 1026 1256 1068 non
1271 1013 1355 1084 sunt,
1369 1002 1425 1149 fini

320 1112 392 1155 cum
411 1089 529 1155 Karolo
552 1089 640 1154 urbis
655 1089 826 1154 Remorum
848 1109 1035 1174 pervasores
1055 1088 1143 1152 fuere
1166 1099 1197 1152 et
1217 1099 1347 1153 sanctae
1401 1086 1425 1148 ei

318 1175 480 1262 genitricis
501 1174 621 1238 Mariae
649 1172 813 1238 basilicam
843 1194 915 1236 cum
937 1181 1058 1236 armata
1079 1193 1176 1234 manu
1197 1173 1334 1256 ingressi
1359 1181 1426 1234 sunt

319 1260 597 1344 sanctuariumque
618 1257 738 1322 nefario
760 1258 905 1342 ingressu
926 1255 1147 1320 violavenmt‘?
1169 1255 1238 1320 Hos
1261 1257 1359 1320 etiam
1373 1256 1424 1316 iste

319 1344 367 1408 sui
391 1341 513 1407 consilii
535 1341 682 1406 custodes
705 1353 736 1407 et
757 1342 932 1406 amicorum
953 1340 1122 1426 precipuos
1144 1338 1293 1405 habebat.
1336 1337 1424 1418 Quod

320 1427 395 1512 quia
410 1425 681 1492 evidentissimum
696 1436 753 1508 est,
775 1425 860 1489 dicat
881 1426 986 1488 nunc¹³
1008 1425 1087 1510 ipse,
1110 1425 1217 1487 cuiusc
1239 1423 1424 1523 impulsione

319 1521 374 1574 aut
402 1512 549 1574 suasione
576 1510 681 1574 istudd
709 1531 878 1608 aggressus
907 1509 955 1572 sit.
1002 1507 1069 1572 Aut
1096 1518 1180 1572 certe
1208 1506 1262 1571 alii
1289 1506 1424 1572 intendet

320 1604 376 1659 aut
398 1595 561 1659 convictus
583 1595 771 1658 testimoniis
800 1591 949 1656 labascet.
1003 1590 1114 1655 Nullus
1144 1591 1422 1676 consanguinitatis

319 1700 418 1760 amor,
441 1677 527 1742 nulla
549 1677 675 1744 habitae
697 1675 919 1741 familiaritatis
941 1677 1042 1760 gratia
1064 1699 1083 1740 a
1104 1677 1182 1739 recti
1203 1675 1314 1740 iudicii
1328 1676 1423 1739 forma

319 1784 370 1826 me
392 1761 499 1848 aliquo
522 1761 617 1826 modo
640 1759 808 1826 seducent’.

318 1918 368 1982 57.
411 1918 515 1982 Lause
539 1917 776 1983 (iodesmannie
798 1917 837 1982 de
864 1941 917 1982 ma
962 1918 1176 1982 ammiane-f
1197 1917 1356 1982 Brunonis
1377 1923 1420 1978 ete

490 2011 543 2066 ute
565 2001 606 2067 ab
629 2024 666 2066 eo
688 2000 835 2066 iuditium
856 1940 1051 2088 prolabature
1073 2001 1255 2087 postulatio.

249 2125 266 2154 0·
284 2114 304 2154 ⁶·
403 2103 644 2169 (lodesmannus
672 2103 898 2168 Ambianensis
933 2105 1101 2190 episcopus
1135 2103 1231 2168 dixit:
1264 2102 1418 2166 ‘Novimus

313 2187 503 2253 venerabilis
517 2189 674 2253 Brunonis
692 2189 994 2274 magnanimitatem,
1016 2211 1110 2274 quem
1124 2187 1228 2251 nullus
1244 2186 1419 2250 affinitatisg

315 2293 413 2351 amor,
435 2271 521 2338 nulla
544 2272 739 2338 familiaritas
761 2295 780 2336 a
800 2274 932 2338 veritate
961 2281 1145 2358 sequestrat,
1168 2282 1201 2336 at
1221 2273 1309 2356 rigor
1330 2265 1418 2333 animi

317 2365 348 2422 et
369 2379 493 2422 morum
515 2359 658 2456 probitas
683 2357 859 2421 veridicum
889 2367 920 2421 et
949 2357 1001 2420 cui
1031 2356 1225 2420 credendum
1255 2357 1295 2420 sit
1322 2372 1418 2440 prom-

315 2441 436 2506 tissime
458 2441 607 2507 indrcant.
649 2441 757 2526 Ergoll
781 2442 856 2542 (puis
878 2439 917 2504 de
941 2442 1174 2504 examinatione
1196 2449 1301 2504 reatus
1322 2435 1417 2503 fratris

316 2534 347 2588 et
369 2527 552 2612 coepiscopi
573 2527 672 2590 nostri
687 2525 812 2590 Amulli
833 2525 951 2589 mentio
974 2527 1118 2670 suplerius
1140 2524 1225 2588 facta
1246 2533 1303 2604 est,
1325 2522 1364 2585 ab
1386 2539 1417 2582 eo

316 2609 532 2692 quaerendum
554 2608 687 2692 videtur,
710 2610 801 2696 quale
824 2632 865 2673 ex
887 2607 947 2672 hac
968 2630 1002 2672 rc
1044 2609 1201 2673 abendum
1217 2609 1258 2672 sit
1272 2607 1417 2681 iuditium,

316 2712 353 2754 eo
377 2691 462 2790 quod
480 2693 586 2778 ipsum
602 2703 747 2779 oporteat
761 2693 866 2757 iuditii
881 2701 1057 2778 temperare
1073 2714 1248 2773 censuram,
1272 2691 1416 2774 cumipse

316 2775 361 2840 sic
384 2785 465 2839 mter
492 2784 662 2861 utrumque
692 2778 732 2840 sit
755 2778 961 2856 constitutus,
993 2786 1080 2840 utet
1108 2777 1176 2862 regi
1199 2775 1295 2840 fidem
1316 2785 1346 2840 et
1365 2773 1416 2836 Ar-

315 2856 402 2923 nulfo
426 2881 466 2922 ex
489 2861 762 2944 consanguinitate
785 2859 986 2926 dilectionem
1002 2859 1125 2925 debeat.
1158 2860 1252 2924 Unde
1268 2871 1299 2924 et
1312 2857 1415 2922 nullius

317 2942 382 3006 doli
404 2944 579 3028 suspitione
600 2945 754 3010 tenendus
777 2947 844 3026 erit,
869 2966 964 3043 quem
986 2943 1120 3008 fidelitas
1143 2944 1265 3008 domini
1287 2943 1327 3008 ad
1347 2938 1414 3004 iudi-

316 3027 396 3090 tium
426 3025 570 3092 incitabit
595 3039 626 3094 et
655 3030 769 3094 caritas
791 3051 931 3114 proxrmr
952 3049 971 3091 a
992 3026 1206 3092 malivolentia
1227 3023 1415 3113 prohibebit'.

622 3187 672 3253 58.
715 3186 907 3272 Responsioi
928 3185 1114 3249 Brunonisl.

398 3285 474 3353 Adk
494 3288 553 3353 hec
582 3290 690 3355 Bruno
716 3291 900 3376 episcopus:
934 3288 1101 3369 ‘Mentem’,
1131 3289 1248 3374 inquit,
1281 3293 1414 3351 ‘vestram

314 3373 389 3436 satis
419 3371 513 3459 plane
542 3372 693 3459 intelligo.
749 3373 829 3455 Hic,
864 3373 918 3457 qui
946 3393 1020 3436 reus
1047 3373 1220 3438 maiestatis
1248 3379 1413 3444 accusatur,

314 3457 418 3519 carnis
439 3457 590 3522 affinitate
619 3458 697 3522 mihi
726 3457 943 3542 coniungitur,
970 3467 1080 3543 utpote
1106 3455 1253 3520 avunculi
1283 3457 1344 3519 mei
1363 3453 1413 3515 Lo·

313 3537 407 3604 tharii
431 3543 517 3625 regis
543 3540 635 3605 lilius.
684 3542 778 3608 Unde
805 3551 836 3606 et
861 3550 968 3606 vestra
988 3539 1168 3625 benignitas
1190 3540 1269 3604 mihi
1290 3539 1357 3602 fieri
1376 3538 1413 3598 in-

313 3621 427 3685 iuriam
448 3626 585 3708 metuitl,
608 3628 635 3689 si
657 3627 791 3711 dignum
812 3625 851 3690 de
874 3647 911 3690 eo
931 3647 950 3688 a
969 3625 1062 3690 vobis
1100 3624 1254 3688 roferatur
1269 3623 1413 3688 iuditium.

314 3703 379 3769 Sed
400 3708 497 3788 absit,
527 3716 562 3771 ut
590 3731 731 3775 amorem
762 3709 1044 3795 consanguinitatis
1075 3646 1193 3774 dhristi
1222 3731 1329 3773 amore
1376 3726 1412 3768 re-

313 3789 477 3887 clusionem
499 3790 642 3856 habeam.
685 3794 765 3859 Rem
787 3793 872 3858 unde
894 3794 998 3880 agitur
1019 3794 1167 3858 sanctitas
1191 3803 1298 3857 vestra
1319 3729 1412 3855 sultili

312 3872 462 3958 mdagme
484 3897 609 3938 mecum
632 3877 794 3962 discutiat;
825 3878 864 3942 de
886 3877 1149 3943 condemnatione
1177 3877 1324 3941 convicto
1349 3872 1413 3936 infe·

371 4062 393 4117 a)
410 4065 490 4106 Manus
505 4077 523 4106 r.
591 4064 614 4118 b)
629 4071 679 4116 post
698 4067 748 4109 add.
817 4067 838 4120 c)
854 4080 900 4118 qus
916 4071 936 4110 1.
1008 4067 1029 4120 d)
1045 4069 1068 4108 id
1086 4071 1106 4108 1.
1177 4064 1269 4119 ethan,
1286 4079 1344 4116 rnen,
1360 4063 1413 4112 nani,

312 4127 334 4162 et
349 4128 374 4164 ut
389 4135 410 4176 a,
431 4125 496 4174 prosa
513 4123 542 4178 (l)
559 4125 615 4165 aare.
691 4125 708 4176 f)
727 4149 752 4158 -
776 4130 846 4168 tatem
862 4139 879 4170 c.
955 4125 978 4177 g)
1000 4127 1207 4177 consanguinitatis
1224 4129 1244 4166 1.
1317 4125 1410 4177 h)At1·

311 4179 328 4232 t)
344 4182 385 4234 Re,
401 4185 441 4226 Br.
459 4185 515 4224 abac.
565 4184 589 4236 k)
604 4186 634 4226 nt
648 4186 676 4226 B.
692 4196 727 4236 ep.
743 4187 864 4237 respondit
879 4189 899 4226 1.
949 4183 965 4238 l)
981 4188 1053 4227 metui
1069 4199 1085 4229 c.

323 4397 329 4409 Ι
387 4325 413 4387 1)
432 4325 520 4376 Mater
538 4328 669 4380 Brunonis
689 4327 744 4378 lilia
764 4333 820 4379 erat
839 4328 993 4395 Gerbergae
1014 4335 1040 4380 et
1060 4327 1204 4380 Giselbcrti
1224 4327 1300 4380 ducis
1319 4323 1405 4377 Letha-

308 4411 452 4462 rmgorum.
