2936 5010
321 390 373 442 158
556 389 708 441 mensur
726 387 978 440 HISTORIARUM
996 387 1108 440 LIBER
1126 387 1194 438 1111.

260 571 310 615 ⁹⁹1·
320 556 427 624 Causa
447 579 595 644 namque,
616 565 652 620 ut
672 557 871 636 scriberetur,
893 555 961 620 eius
975 565 1086 620 auctor
1099 554 1252 622 Amulius
1266 557 1334 622 fuit.
1367 558 1423 638 Qui

166 635 394 734 Geffififficum
419 639 623 706 detestandae
652 640 835 726 cupiditatis
862 639 975 704 morbo
1003 641 1138 704 nimium
1165 639 1339 724 laboraret,
1368 643 1424 726 egit

203 721 309 804 nieles
342 725 407 790 uod
436 724 643 812 *reprehendi
671 733 785 809 potest,
812 745 886 789 cum
913 722 1034 790 iuratus
1066 723 1162 788 fidem
1192 747 1258 790 non
1287 727 1423 790 servavit.

353 831 391 874 oc
418 809 502 874 enim
531 808 768 894 reprehensioni
795 807 985 872 succumbit.
1035 808 1078 872 Et
1107 809 1193 895 quod
1221 810 1379 894 sapientes
1398 820 1424 873 et

319 893 397 958 boni
417 893 451 957 id
473 893 655 972 effecerunt,
678 891 763 977 quod
783 891 864 956 dolis
880 901 911 956 et
926 892 1059 958 astutiae
1072 892 1282 992 perditissimi
1297 895 1423 959 hominis

319 979 498 1059 contrairet,
521 987 630 1042 contra
645 975 793 1062 querulos
809 975 983 1042 defensioni
998 975 1179 1041 firmitatem
1194 977 1323 1042 affectat
1337 981 1423 1042 vires-

319 1085 381 1149 que
402 1063 569 1126 ministrat.
602 1059 646 1124 Et
690 1059 740 1124 uic
765 1059 820 1124 uid
841 1057 919 1125 illud
940 1062 989 1142 sit,
1011 1061 1191 1126 testimonio
1212 1071 1322 1128 tamen
1342 1063 1423 1126 robo-

317 1147 452 1211 randum
474 1155 530 1210 est.
572 1081 730 1210 Procedat
781 1143 929 1243 dalgerus
956 1143 1122 1230 presbiter.
1165 1144 1268 1210 Adest
1294 1168 1367 1210 nam
1389 1169 1423 1209 ue

319 1232 375 1319 qui
403 1253 510 1294 rerum
538 1229 652 1292 seriem
680 1227 869 1313 proditionrs
898 1229 1043 1292 conscius
1072 1231 1191 1328 optime
1218 1232 1317 1294 novit.
1363 1169 1422 1310 ille,

317 1317 458 1403 inquam,
486 1313 569 1378 adsit
595 1323 627 1377 et
647 1322 771 1378 vestrae
794 1311 973 1376 claritudini
994 1312 1171 1377 inaud1tum
1193 1313 1297 1380 scelus
1319 1314 1422 1394 edicat,

318 1409 353 1464 ut
374 1409 413 1481 et,
436 1396 555 1462 ubisit
579 1398 770 1482 vituperatio
792 1395 949 1479 habenda,
980 1400 1177 1484 cognoscatis
1207 1408 1256 1481 et,
1279 1397 1334 1464 ubi
1361 1398 1421 1462 laus

316 1482 529 1564 concedenda,
550 1480 702 1546 videatis'.

417 1621 467 1685 62.
510 1620 732 1685 admovetur
754 1617 952 1706 Adalgerus¹
974 1621 1207 1686 accusationis³
1229 1642 1336 1685 causa.

236 1767 254 1797 ο.
272 1757 307 1798 11.
400 1739 581 1825 Adalg'crus
602 1741 709 1826 itaque
731 1741 905 1806 accersitus
929 1740 1028 1806 adest.
1073 1739 1178 1827 Super
1199 1741 1260 1806 hac
1281 1766 1316 1807 re
1337 1743 1420 1807 inter-

317 1835 447 1910 rogatus
470 1835 502 1888 et
523 1823 567 1887 nil
588 1833 729 1887 moratus
751 1825 935 1909 respondet:
965 1825 1115 1906 ‘Utinam
1138 1835 1245 1910 patres
1266 1827 1419 1907 sancti,in

316 1907 377 1972 hac
399 1909 566 1972 vocatione
588 1905 780 1972 concedatur
801 1907 880 1973 mihi
895 1907 936 1973 ali
960 1930 1002 1972 ua
1015 1909 1209 1974 remissionis
1223 1910 1419 1995 indulgentia.

316 1991 382 2058 Sed
404 1991 480 2078 quia
500 1991 542 2056 ad
563 1989 597 2054 id
619 1989 741 2072 deveni,
763 2001 806 2074 ut,
829 1992 856 2055 si
878 1931 960 2079 quid
977 1993 1061 2078 quod
1083 2015 1141 2078 pro
1164 2016 1215 2058 me
1231 1995 1329 2060 faciat
1342 1997 1419 2058 inve·

316 2077 379 2140 niri
407 2076 518 2163 possit,
544 2075 578 2140 id
600 2083 710 2140 contra
731 2097 782 2140 me
805 2087 888 2141 stare
914 2075 1068 2152 videatur,
1096 2075 1202 2142 verbis
1230 2078 1418 2144 brevioribus

317 2159 404 2248 quod
425 2160 556 2248 queritis
579 2159 712 2224 edicam.
755 2160 863 2243 Dudo,
884 2159 997 2225 Karoli
1018 2159 1117 2242 miles,
1143 2160 1286 2228 hortatus
1308 2173 1362 2244 est,
1389 2171 1419 2223 ut

315 2244 398 2310 hanc
419 2242 504 2310 unde
526 2245 578 2308 hic
600 2244 732 2330 queritis
754 2244 966 2330 proditionem
995 2245 1196 2330 aggrederer,
1225 2249 1271 2312 sic
1300 2247 1418 2312 domino

315 2352 387 2395 meo
409 2327 535 2415 placere
557 2330 686 2393 iuratus.
719 2327 814 2394 Unde
837 2351 910 2393 cum
933 2331 963 2394 ei
983 2351 1048 2393 non
1071 2330 1243 2414 crederem,
1266 2331 1417 2396 dominum

315 2436 424 2478 meum
444 2436 503 2562 per
524 2435 575 2477 me
597 2414 801 2497 interrogavi.
835 2412 913 2479 Sese
934 2413 968 2478 id
988 2414 1058 2480 fieri
1071 2413 1163 2498 velle,
1179 2415 1349 2501 respondit.
1380 2413 1418 2477 Ut

315 2509 423 2564 autem
467 2519 505 2561 oc
527 2495 666 2562 dedecus
688 2498 794 2582 specie
822 2496 946 2562 honesti
976 2497 1144 2580 velaretur,
1170 2499 1290 2564 Karolo
1316 2519 1416 2563 manus

315 2581 407 2660 dedi3
429 2583 560 2668 eiusque
577 2580 690 2662 factus,
713 2580 926 2667 proditionem
941 2605 999 2668 per
1014 2593 1246 2648 sacramentum
1261 2606 1318 2670 spo
1342 2581 1415 2646 ondi.

314 2665 359 2729 Et
388 2664 450 2728 feci
478 2663 616 2750 quidem,
649 2663 706 2729 sed
734 2687 799 2730 non
825 2667 973 2730 iniussus.
1029 2665 1125 2747 Quod
1153 2668 1180 2730 si
1200 2669 1293 2734 vobis
1313 2607 1415 2731 dilsum

314 2747 469 2830 videatur,
491 2757 621 2834 paratus
642 2771 712 2812 sum
735 2750 842 2814 omnia
862 2749 1047 2816 iuditiorum
1068 2771 1186 2834 genera
1207 2752 1331 2817 subire'.

316 2889 367 2954 63.
413 2887 507 2977 [Hicl
521 2887 625 2951 ratio⁰
640 2887 894 2976 accusationis0].
927 2887 1041 2954 Brevis
1057 2896 1110 2952 et⁰
1124 2887 1284 2953 dilucidac
1299 2889 1413 2954 demon-

509 2971 639 3036 stratio⁰
661 2971 822 3035 criminisc
843 2993 862 3034 a
885 2969 1033 3037 Guidone
1055 2973 1237 3060 episcopos

233 3092 252 3125 ⁰·
268 3082 304 3122 14·
401 3074 530 3140 Guidol
550 3073 787 3140 suessionensis
808 3074 914 3159 episco
940 3097 977 3138 us
1000 3073 1093 3138 dixit:
1117 3075 1172 3140 ‘Ut
1186 3075 1237 3139 hic
1252 3098 1294 3139 ex
1307 3075 1413 3139 ratione

315 3159 410 3226 huius
434 3158 629 3244 intelligitur,
658 3160 752 3222 unius
780 3167 887 3223 reatus
914 3097 994 3224 lbrte
1023 3159 1118 3224 ambo
1147 3169 1302 3225 tenentur.
1344 3157 1414 3221 Nam

316 3266 388 3310 cum
409 3243 463 3308 hic
483 3266 551 3309 sese
574 3243 717 3308 effecisse
731 3251 861 3325 asserat,
881 3264 947 3307 non
962 3252 1009 3308 est
1022 3243 1172 3308 immunis
1188 3245 1257 3309 eius
1273 3243 1413 3318 dominus,

317 3329 372 3416 qui
392 3329 514 3393 facinus
535 3327 784 3414 perpetrandum
805 3327 913 3410 suasit,
936 3348 974 3392 eo
996 3326 1082 3412 quod
1103 3327 1230 3393 sceleris
1253 3350 1376 3393 causam
1388 3345 1414 3387 se

315 3415 422 3499 ipsum
443 3413 616 3512 prebuerit.
661 3412 820 3494 Quoniam
842 3433 918 3495 ergo
933 3411 1117 3497 utriusqued
1131 3413 1295 3498 negotium
1308 3409 1413 3476 inditiis

316 3497 516 3562 evidenubus
538 3505 670 3579 constat,
692 3519 766 3560 cum
788 3494 866 3560 alter
886 3494 1010 3559 facinus
1025 3497 1166 3577 suaserit,
1188 3495 1266 3561 alter
1280 3495 1413 3571 effecerit,

316 3580 421 3644 iuditii
443 3603 578 3646 censura
605 3589 745 3645 vestram
771 3581 995 3665 paternitatem
1022 3600 1088 3642 non
1113 3578 1197 3645 latet.
1247 3581 1308 3646 Est
1331 3579 1412 3644 ctiam

317 3664 404 3749 quod
424 3663 536 3728 iuditio
557 3662 705 3740 habendo
726 3665 811 3729 vires
831 3663 972 3749 prebeat,
996 3662 1092 3749 quod,
1121 3685 1194 3728 cum
1215 3665 1285 3751 ipse
1306 3665 1411 3750 episco·

316 3769 379 3834 pus
397 3747 589 3894 proditionis
610 3757 720 3813 auctor
747 3747 893 3830 extiterit,
925 3757 961 3812 ut
987 3769 1081 3811 suum
1106 3747 1262 3834 flagitium
1288 3744 1411 3812 melioris

316 3830 376 3896 zeli
410 3852 521 3895 ervore
549 3840 678 3916 tegeret,
706 3830 824 3898 multae
853 3832 1192 3896 excommunicationis
1221 3843 1253 3898 et
1279 3828 1411 3896 maledic-

315 3915 409 3981 tionis
437 3915 636 3980 anathemate
663 3939 683 3981 a
709 3937 842 4002 corpore
869 3924 900 3980 et
927 3916 1080 4001 sanguine
1108 3916 1242 3981 Domini
1268 3911 1411 4002 separavit

375 4105 397 4158 a)
415 4109 555 4158 ovetur,ru1
571 4117 605 4159 ac,
621 4108 657 4148 nis
674 4116 743 4148 causa
759 4108 814 4147 abac.
895 4104 920 4157 b)
936 4108 986 4146 haee
998 4111 1049 4156 post
1065 4107 1114 4147 add.
1126 4107 1223 4156 sortasse
1240 4109 1269 4148 ad
1283 4100 1409 4148 asmantia

312 4166 428 4214 pertinent.
489 4163 510 4218 c)
527 4167 557 4218 lo,
574 4167 602 4219 is,
618 4171 640 4207 et
657 4167 687 4218 dl,
704 4177 765 4218 mon,
781 4166 855 4218 minis,
871 4167 966 4216 piscopo
982 4166 1036 4208 abac.
1097 4164 1120 4218 d)
1137 4177 1181 4216 que
1193 4173 1243 4217 post
1259 4169 1306 4207 add.

391 4299 417 4362 1)
436 4299 566 4350 Richerus
592 4300 750 4350 narrationis
775 4297 894 4349 ordinem
919 4300 1039 4362 mutavit,
1066 4298 1194 4351 (luidonis
1220 4301 1357 4352 orationem
1379 4291 1407 4342 ab

317 4385 349 4420 ea
369 4386 448 4436 quam
468 4372 617 4424 Gerbertus.
629 4371 713 4423 tradit
732 4372 863 4424 diversam
883 4371 965 4423 finxit.
