2938 5016
316 425 352 474 44
574 423 726 476 RIOHERI
745 424 996 476 HISTORIARUM
1015 425 1127 476 LIBER
1146 424 1184 475 ΙΙ.

259 605 310 650 aas.
320 589 430 655 Serlus
446 590 574 676 quidam
594 589 760 656 latrocinia
775 613 938 674 exercens,
961 589 1025 656 illie
1040 593 1184 678 receptui
1200 613 1270 656 sese
1284 589 1419 656 habebat.
1456 647 1457 668 ,

320 671 443 740 Cohors
477 696 552 760 ergo
585 675 740 762 oppidum
772 687 937 763 appetens,
973 673 1110 742 latrones
1141 676 1319 762 impugnat.
1363 675 1419 740 Neo
1456 691 1457 720 ³

319 767 442 824 morata
464 759 496 823 vi
519 759 614 844 capit,
636 758 794 824 comburit
823 782 861 826 ac
884 758 1018 824 subruit.
1061 759 1232 826 Latronem
1254 759 1418 846 principem

321 841 594 930 comprehensum,
618 843 758 909 dimissis
789 843 976 926 minoribus,
999 845 1068 930 regi
1090 844 1228 910 deducit.
1272 844 1418 924 Quicum

320 929 408 992 iussu
437 927 526 1012 regio
554 926 741 1012 gladiatori⁸
770 927 974 994 decollandus
1004 927 1192 1010 traderetur,
1218 927 1346 992 Aitoldi
1370 928 1419 992 Re-

319 1033 443 1076 morum
471 1010 707 1098 metropolitani
736 1013 916 1078 interventu
946 1013 1081 1098 gratiam
1110 1013 1152 1078 ab
1181 1034 1256 1098 rege
1287 1013 1419 1093 obtinuit,

319 1118 356 1160 ac
377 1119 446 1162 sese
468 1095 598 1160 ulterius
620 1119 684 1160 non
705 1095 964 1161 latrocinaturum
986 1097 1116 1176 iuratus,
1149 1095 1237 1162 abire
1260 1099 1420 1182 permissus

188 1183 376 1246 '¹01-1⁶¹·est.
420 1179 501 1244 *His
521 1181 567 1244 ita
588 1181 698 1266 gestis,
730 1204 788 1246 rex
810 1183 843 1246 in
865 1191 971 1267 partes
993 1179 1142 1265 Belgicae
1163 1181 1244 1246 mari
1267 1181 1419 1279 contiguas

319 1265 484 1347 concessit,
514 1263 669 1350 oppidum
698 1265 731 1328 in
759 1267 830 1352 ipso
860 1267 977 1330 marisl
1035 1275 1106 1330 ortu
1138 1275 1302 1330 exstruere
1336 1287 1418 1329 meus.

320 1349 381 1415 Oui
404 1349 499 1414 etiam
522 1347 593 1413 loco
617 1347 718 1414 Guiso
741 1359 789 1414 est
810 1371 923 1416 nomen
936 1362 954 1414 ¹.
1018 1361 1215 1436 xceptusque
1237 1349 1278 1414 ab
1299 1348 1418 1414 Aruulfo

318 1434 458 1518 regionis
481 1431 563 1497 illius
585 1434 739 1520 principe,
770 1433 857 1522 apud
887 1457 959 1498 eum
982 1433 1022 1498 de
1046 1433 1157 1521 oppidi
1179 1434 1339 1498 erectione
1359 1455 1418 1519 age-

318 1518 382 1584 bat.
426 1517 491 1582 Ubi
514 1516 590 1581 dum
612 1519 646 1581 in
667 1519 793 1603 agendo
815 1540 920 1584 moras
949 1518 1076 1601 faceret,
1108 1528 1246 1584 castrum
1267 1517 1418 1583 Remensis

316 1600 489 1667 aecclesiae
500 1602 628 1667 nomine
641 1601 829 1668 Gausostem
840 1615 851 1649 ²
867 1624 959 1667 secus
970 1601 1104 1667 fluvium
1114 1602 1295 1667 Matronam
1308 1601 1418 1680 situmr,

318 1684 358 1751 ab
374 1685 509 1750 Artoldo
555 1685 659 1751 resule
682 1687 813 1770 editum,
841 1686 1030 1752 Heribertus
1050 1685 1229 1774 proditione
1253 1685 1418 1772 ingreditur

317 1791 356 1832 ac
379 1771 474 1856 capit.
546 1779 702 1836 astrenses
726 1795 766 1836 ue
788 1771 953 1853 invadens,
986 1793 1094 1836 eorum
1146 1771 1262 1835 otiores
1291 1770 1416 1836 abducit.

317 1853 406 1917 Rura
427 1855 677 1941 circumquaque
705 1795 919 1942 depopulatur
947 1876 985 1918 ac
1007 1793 1189 1941 ingentibus
1234 1855 1320 1919 redis
1342 1853 1417 1953 oppi-

319 1936 529 2086 dumdimplct
551 1949 582 2004 et
604 1961 676 2003 cum
700 1943 797 2005 armis
819 1940 935 2004 milites
957 1938 1003 2004 ibi
1025 1939 1165 2026 deponit,
1188 1877 1339 2003 aiiorsum
1360 1959 1417 2024 rpse

317 2043 388 2086 seee
413 2043 491 2086 eus..

601 2145 630 2210 9.
663 2145 734 2209 Rex
756 2143 904 2208 Lauduni
926 2165 1031 2210 arcem
1054 2145 1149 2231 capit.

401 2245 528 2312 Interea
555 2247 624 2332 regi
653 2247 694 2312 ab
723 2246 968 2334 metropolitano
996 2269 1053 2333 per
1080 2245 1202 2332 legatos
1229 2249 1291 2312 ista
1321 2267 1416 2332 sugge-

316 2341 438 2396 runtur.
476 2329 540 2412 Qui
563 2353 640 2396 mox
663 2343 810 2432 coeptum
833 2354 872 2394 ne
898 2333 997 2396 otium
1018 2331 1237 2414 intermittens,
1261 2353 1319 2396 suo
1341 2330 1416 2395 auxi-

315 2413 448 2480 liaturus
470 2414 658 2501 regreditur.
686 2413 803 2480 Mrlites
826 2354 947 2502 coliigit
961 2438 999 2480 ac
1015 2416 1191 2480 exercitum
1212 2426 1314 2501 parat.
1347 2414 1416 2480 Oum

317 2521 379 2584 quo
415 2498 607 2564 Laudunum
644 2501 785 2580 veniens,
820 2521 927 2566 arcem
964 2499 1004 2564 ab
1041 2498 1212 2564 Heriberto
1247 2523 1349 2586 nuper
1379 2497 1415 2562 ibi

318 2591 513 2648 exstructam
544 2594 575 2648 et
601 2585 706 2648 asuis
736 2583 841 2648 adhuc
869 2585 1029 2650 detentam
1057 2582 1189 2648 obsidet.
1240 2585 1286 2648 At
1316 2583 1415 2670 quiin

317 2687 390 2730 arce
423 2676 512 2730 erant
544 2665 708 2732 rebellioni
740 2691 809 2733 sese
864 2678 963 2732 arant.
1015 2669 1086 2734 Rex
1118 2688 1192 2753 ergo
1223 2667 1416 2732 circumcirca

318 2750 498 2834 sagittarios
527 2749 691 2834 adhibens,
720 2691 895 2817 missiliRns
925 2753 1072 2818 evincere
1101 2752 1249 2818 instabat.
1298 2753 1336 2816 In
1363 2770 1414 2836 quo

317 2831 455 2898 tumultu
483 2835 557 2900 hinc
590 2835 664 2900 inde
697 2859 793 2922 quam
825 2835 932 2922 plures
965 2837 1099 2901 sauciati
1130 2836 1228 2919 fuere,
1261 2857 1333 2900 cum
1363 2855 1415 2898 non

317 2919 422 2982 minus
446 2918 500 3006 qui
521 2920 554 2982 in
575 2941 648 2984 arce
671 2931 760 2984 erant
781 2922 905 3006 sagittis
920 2921 1054 3008 aliisque
1069 2920 1242 2986 missilibus
1257 2929 1415 2987 uterentur.

317 3001 388 3066 Rex
411 3025 486 3089 ergo
509 3025 582 3067 cum
603 3004 698 3070 finem
727 3005 935 3104 oppugnandi
966 3003 1110 3070 viribus¹¹
1140 3027 1204 3070 non
1226 3005 1359 3085 fecisset,
1378 3003 1415 3064 in-

317 3087 447 3172 geniose
470 3109 524 3152 eos
546 3109 660 3174 capere
683 3088 853 3175 cogrtabat.

647 3209 695 3274 10.
716 3209 884 3274 Machinae
907 3209 1105 3295 compositio

399 3309 490 3374 Fecit
510 3310 617 3398 itaque
640 3335 681 3377 ex
695 3311 981 3377 vehementissimis
1002 3312 1097 3398 lignis
1119 3313 1295 3398 compactis
1310 3307 1414 3373 machi·
1458 3377 1459 3382 .

315 3415 390 3458 nam
412 3395 512 3460 instar
533 3394 738 3482 longilaterae
761 3395 884 3477 domus,
910 3395 1079 3462 duodecim
1101 3398 1243 3461 virorum
1266 3413 1414 3481 capacem,
1458 3433 1459 3440 .

315 3478 445 3543 humani
467 3481 608 3565 corporis
631 3491 769 3545 staturae
792 3481 825 3544 in
840 3479 903 3545 alto
918 3479 1093 3566 aequalem.
1121 3480 1221 3546 Cuius
1235 3481 1368 3567 parietes
1382 3473 1414 3538 de
1458 3511 1459 3556 5

315 3563 437 3646 ingenti
458 3562 618 3646 lignorum
643 3564 768 3646 robore,
798 3575 918 3630 tectum
940 3587 1015 3630 vero
1045 3564 1085 3630 de
1107 3565 1195 3630 duris
1216 3585 1255 3628 ae
1277 3561 1414 3628 intextis⁰
1458 3615 1459 3618 ,

316 3645 455 3710 cratibus
478 3647 646 3710 exstruxit.
691 3647 752 3713 Oui
782 3649 876 3714 etiam
898 3650 1088 3714 intrinsecus
1109 3661 1196 3714 rotas
1218 3659 1351 3735 quatuor
1369 3641 1414 3707 ad·

315 3727 428 3810 hibuit,
458 3729 542 3794 unde
568 3730 716 3794 machina
742 3731 782 3796 ab
811 3733 850 3796 iis
879 3733 933 3819 qui
954 3733 1144 3799 intrinsecus
1171 3731 1305 3798 laterent
1324 3747 1413 3812 usque

314 3811 356 3875 ad
378 3833 483 3876 arcem
506 3812 728 3900 impelleretur.
772 3816 816 3881 At
840 3825 959 3882 tectum
988 3840 1054 3882 non
1079 3839 1181 3905 aeque
1203 3825 1333 3881 stratum
1354 3811 1413 3888 fuit,

314 3917 426 3962 verum
459 3896 500 3961 ab
533 3900 680 3964 acumine
714 3900 828 3967 dextra
858 3899 994 3988 levaque
1026 3899 1238 3988 dependebat,
1270 3912 1306 3966 ut
1334 3893 1413 3960 iactis

314 3979 477 4067 lapidibus
499 3979 622 4047 facilius
644 3983 770 4071 lapsum
791 3985 947 4070 preberet.
1000 3985 1090 4066 Quae
1119 3994 1291 4065 exstructa,
1318 3977 1413 4046 tironi·

314 4061 374 4130 bus
397 4088 474 4130 mox
495 4065 626 4153 impleta
648 4077 697 4133 est
718 4091 756 4132 ac
778 4068 819 4133 ad
842 4091 948 4134 arcem
974 4072 1052 4135 rotis
1081 4068 1253 4135 mobilibus
1280 4061 1411 4152 impulsa.

373 4227 396 4282 a)
412 4232 457 4270 tort
473 4231 516 4271 ianr
531 4232 571 4283 lem·
590 4234 671 4284 nequit.
738 4231 762 4284 b)
778 4233 849 4274 maris
865 4234 934 4274 altum
951 4231 1056 4286 linotet)
1074 4235 1093 4276 1.
1156 4232 1177 4285 c)
1194 4233 1233 4275 det.
1247 4229 1411 4273 caesareum.

313 4285 337 4338 d)
350 4295 401 4338 poa
416 4290 466 4332 odd.
528 4290 550 4343 e)
567 4293 658 4333 intectis
675 4303 730 4332 corr.
747 4293 849 4332 intextis.

389 4409 416 4479 1)
430 4413 512 4465 Vissn
526 4416 582 4465 sive
595 4415 689 4466 Vitsan
704 4414 737 4464 ab
751 4415 891 4466 occidente
907 4414 993 4467 caleti
1007 4414 1134 4484 (Calais).
1181 4415 1209 4483 2)
1224 4405 1411 4466 LaOhausse'e?
