2938 5016
298 399 332 448 14
560 395 715 448 RIOHERI
734 397 987 450 HISTORIARUM
1005 397 1118 448 LIBER
1135 397 1158 447 1.

503 563 551 628 17.
595 563 776 629 Interfectio
798 563 948 630 Fulccnis
970 564 1214 650 archiepiscopi.

382 664 455 745 Quo
477 687 536 729 rex
564 676 728 752 comperto
753 667 787 730 in
807 666 1002 732 Balduinum
1023 666 1131 748 fertur,
1153 686 1193 730 ac
1214 661 1317 726 multa
1339 659 1412 724 obsi-

298 747 402 812 dionis
423 749 456 812 vi
479 757 617 813 castrum
638 749 831 815 Atrebatum
860 751 901 816 ab
931 775 969 816 eo
995 752 1098 816 aufert
1124 759 1222 834 atque
1253 767 1329 810 cum
1355 753 1413 810 tota

298 833 400 896 sancti
421 831 555 897 Vadasti
583 832 714 898 abbatia
740 834 875 899 Fulconi
901 835 1042 922 predicto
1070 830 1320 918 metropolitano
1350 849 1413 891 con-

298 914 383 979 cedit
392 927 413 980 ¹.
457 914 502 980 At
528 927 602 1003 post
627 916 748 1003 aliquot
775 928 921 1004 tempora
946 917 1210 1004 metropolitanus
1235 913 1277 980 ob
1299 912 1413 976 itineris

296 999 562 1086 longinquitatem
578 1002 795 1086 fratrumque¹
804 999 1313 1067 incommoditatem⁸Altmarum
1327 995 1414 1059 comi-

296 1093 361 1148 tem
383 1085 592 1166 accersiensl,
615 1083 780 1150 abbatiam
802 1089 903 1151 sancti
918 1085 1074 1167 Medardi,
1097 1107 1196 1171 quam
1219 1085 1291 1168 ipse
1315 1100 1414 1174 comes
1464 1115 1465 1144 t

296 1166 435 1251 tenebat,
469 1167 511 1232 ab
541 1190 578 1232 eo
606 1169 732 1254 accipit,
762 1179 793 1234 et
818 1192 876 1256 pro
905 1193 943 1235 ea
970 1169 1135 1234 abbatiam
1163 1167 1268 1232 sancti
1288 1164 1414 1229 Vedastr
1459 1188 1465 1224 ·,

298 1273 371 1316 cum
386 1261 491 1316 castro
506 1251 674 1334 Atrebate,
688 1253 865 1318 rationibus
885 1255 982 1318 utrim
1005 1276 1045 1318 ue
1064 1253 1193 1334 habitis,
1217 1251 1248 1314 ei
1270 1246 1414 1333 impertit.
1464 1278 1465 1305 l

235 1335 414 1400 aonUndec
446 1344 477 1400 et
509 1335 551 1400 ad
582 1337 717 1400 nimiam
752 1336 945 1422 pertrahitur
976 1276 1154 1402 dalduima
1188 1332 1414 1398 crudelitatem.

297 1418 462 1506 Multaque
484 1419 616 1484 affectus
638 1422 814 1503 anxietate,
843 1420 885 1486 ad
913 1421 1065 1486 ultionem
1098 1421 1227 1505 penitus
1249 1439 1322 1482 sese
1352 1435 1416 1478 con-

297 1504 401 1568 vertit.
444 1501 631 1568 Amicitiam
653 1525 729 1590 ergo
752 1506 839 1568 circa
866 1504 1147 1604 metropolitanum
1177 1501 1319 1566 simulat.
1362 1498 1417 1562 Per
1465 1577 1466 1582 ἵ

294 1587 419 1672 legatos
456 1609 583 1673 quoque
619 1587 753 1652 multam
788 1588 1036 1654 benivolentmm
1071 1587 1228 1652 mandat¹1
1261 1583 1417 1666 fidemque

298 1668 444 1756 spondet.
492 1669 576 1734 Illud
605 1680 713 1735 tamen
739 1670 839 1736 multa
868 1684 1016 1736 suorum⁰
1044 1672 1229 1736 curiositate
1263 1668 1416 1745 observat,
1465 1719 1466 1724 ,

297 1762 405 1818 utrum
434 1753 578 1838 privatus
604 1776 646 1818 an
676 1776 751 1818 cum
779 1757 880 1840 copiis
905 1758 990 1841 regis
1019 1755 1176 1842 palatium
1208 1763 1324 1840 petere
1352 1771 1417 1814 con·
1462 1762 1466 1824 t

298 1845 433 1918 suescat,
462 1837 623 1920 privatum
651 1837 750 1901 multo
771 1840 844 1903 nisu
864 1841 1018 1926 impetere
1041 1839 1185 1925 cupiens.
1230 1837 1327 1900 Haec
1349 1833 1418 1896 dum

298 1922 345 1984 sic
365 1918 567 2002 haberentur,
589 1941 648 2006 pro
670 1922 768 2006 regiis
790 1925 894 1986 causis
916 1923 1058 2007 contigit,
1080 1945 1097 1986 e
1122 1924 1255 2007 iscopos
1270 1918 1418 2004 Belgicae
1465 1953 1466 1958 κ

297 2004 385 2089 apud
395 2025 517 2101 ⁸regem
539 2006 737 2090 congregari.
781 2004 875 2070 Unde
898 2016 929 2071 et
949 1945 1215 2092 metropoltanus
1238 2003 1418 2080 accersitus,
1464 2040 1467 2048 ·

298 2109 372 2152 cum
393 2095 454 2151 iter
475 2086 653 2151 accelerare
675 2099 812 2174 pararet,
838 2091 984 2154 incautus
1006 2111 1080 2154 cum
1102 2090 1217 2237 paucis
1239 2084 1416 2152 festinabat.

298 2171 360 2236 Oui
381 2193 459 2235 mox
480 2170 571 2235 affuit
591 2170 723 2256 quidam
745 2171 949 2237 Winemarus
971 2195 1044 2237 cum
1067 2195 1104 2238 co
1129 2183 1198 2237 orte
1220 2196 1242 2236 a
1262 2168 1418 2236 Balduino

296 2255 444 2319 missus*.
489 2253 754 2340 Metropolitanus
784 2276 857 2318 cum
883 2267 967 2321 esset
992 2278 1065 2320 cum
1092 2263 1218 2343 paucis,
1249 2279 1271 2320 a
1295 2251 1418 2318 cohorte

296 2360 370 2402 cum
392 2340 457 2403 suis
479 2339 675 2424 interceptus
698 2348 753 2402 est.
790 2338 895 2402 Nulli¹
915 2341 1009 2425 fugae
1031 2339 1120 2404 locus
1167 2341 1259 2405 atuit.
1301 2338 1416 2404 Omnes
1466 2409 1467 2412 Ἴ

185 2421 600 2509 :erroneumvallaneurc
622 2430 719 2506 atque
740 2422 966 2507 impetunturl.
1011 2363 1216 2488 *Admodum
1239 2423 1417 2506 *unumque
1466 2423 1467 2474 ἶ

202 2505 224 2544 ¹³·
235 2494 287 2593 333
296 2505 459 2569 dimicant.
504 2504 674 2588 Utrimque
707 2504 769 2567 fiusi
800 2507 1022 2590 procumbunt.
1067 2508 1279 2574 Winemarus
1310 2513 1418 2569 metro-
1466 2563 1467 2568 ,

185 2610 237 2651 run.
247 2611 283 2652 rs.
294 2586 472 2674 politanum
487 2585 627 2667 adortus,
650 2585 761 2649 lancea
775 2589 928 2654 inermem
942 2590 1116 2676 transfigit¹
1131 2600 1229 2677 atque
1244 2591 1333 2655 inter
1353 2609 1418 2652 suos

295 2679 419 2755 septem
450 2667 636 2734 vulneribus
669 2670 846 2734 sauciatum
878 2673 1056 2759 precipitat.
1112 2673 1174 2739 Oui
1208 2697 1287 2739 cum
1322 2672 1419 2738 adhuc

294 2755 378 2816 ictus
409 2750 622 2832 intenderetl,
656 2751 787 2836 quidam
821 2776 958 2838 suorum,
988 2756 1088 2821 multo
1117 2759 1285 2844 episcopi¹
1316 2776 1419 2822 amore

294 2835 393 2917 ducti,
423 2857 519 2920 super
548 2855 622 2897 eum
651 2835 872 2919 procumbrmt.
916 2840 981 2920 Qui
1003 2861 1077 2904 oum
1099 2863 1137 2905 eo
1165 2863 1247 2922 mon
1275 2838 1420 2906 transfixi

293 2928 391 3003 atque
413 2919 510 2982 occisi
533 2926 614 2980 sunt.
659 2917 805 2997 Quatuor
825 2930 948 2986 tantum
974 2923 1053 3007 fuga
1074 2923 1229 2990 labuntur
1237 2939 1270 3008 ¹¹,
1301 2926 1359 3012 qui
1379 2921 1421 2986 rei

293 3003 460 3086 negotium
487 3001 599 3064 Remis
627 2998 852 3069 demonstrant.
897 3005 988 3069 Tunc
1019 3027 1095 3071 vero
1128 3031 1252 3094 magna
1285 3007 1421 3072 militum

293 3105 408 3149 manus
431 3083 472 3149 ab
493 3082 574 3147 urbe
594 3103 672 3146 mox
687 3104 759 3147 cum
778 3089 875 3151 armis
897 3087 1022 3170 educta,
1044 3090 1249 3156 adversarios
1271 3114 1369 3178 perse
1391 3089 1420 3152 ui

294 3177 436 3232 conatur.
482 3167 548 3232 Sed
570 3166 616 3228 eis
639 3165 688 3229 ela
712 3168 763 3249 sis,
791 3168 956 3234 dominum
979 3173 1124 3238 occisum
1147 3197 1223 3240 cum
1246 3177 1317 3241 suis
1341 3113 1420 3239 colli-

292 3259 373 3338 gunt
401 3260 434 3316 at
456 3261 521 3316 ue¹
543 3247 642 3312 multo
694 3248 789 3313 oloris
817 3251 955 3318 lamento
982 3255 1100 3320 Remos
1131 3257 1319 3344 deportant,
1353 3279 1419 3323 cum

293 3335 453 3401 sacerdon
476 3357 515 3399 us
531 3331 729 3397 sacerdotem
740 3332 876 3418 plurimo
888 3338 1053 3421 dignitatis
1065 3339 1223 3427 obsequio
1236 3345 1419 3408 condentes.

610 3451 659 3515 18.
702 3451 900 3518 Winemari⁰
921 3458 1067 3523 interitus
1075 3471 1098 3524 ⁰.

377 3555 523 3618 Interea³
540 3551 677 3616 collectis
692 3573 712 3614 a
737 3553 780 3617 ud
794 3576 904 3652 regem
916 3558 1084 3644 episcopis,
1100 3561 1177 3626 talia
1188 3585 1269 3629 mox
1284 3565 1421 3630 referun-

291 3648 354 3703 tur.
398 3636 495 3715 Quod
516 3636 614 3700 etiam
636 3655 723 3697 omn1
746 3656 784 3698 us
811 3640 946 3703 mmium
974 3643 1073 3706 animi
1101 3645 1239 3712 incussit
1270 3648 1420 3713 dolorem.

367 3776 392 3845 *)
413 3783 439 3830 et
458 3779 576 3830 omnium
597 3792 663 3843 quos
681 3783 753 3830 terra
772 3781 886 3833 suatim
903 3783 1148 3840 sceleratissimus²
1169 3791 1237 3844 add.
1260 3794 1286 3858 1,
1307 3793 1362 3846 del.
1382 3791 1405 3839 2.

352 3884 376 3936 a)
391 3885 551 3936 aldomaro„
567 3886 605 3925 ubi
617 3886 661 3938 fra,
674 3897 712 3926 mo
725 3886 781 3931 abac.
826 3888 849 3941 b)
865 3891 993 3932 rationibus
1005 3894 1091 3935 habitis
1105 3898 1156 3937 aaa.
1167 3900 1188 3950 1,
1204 3900 1246 3943 aa,
1256 3902 1279 3944 ς,
1328 3900 1421 3954 gunda

291 3967 318 3978 -
336 3945 457 3994 Multaque
473 3946 493 3988 2.
521 3945 713 3987 ....n1m1um
735 3946 832 3987 incussit
858 3949 975 3990 Baldulno
1002 3953 1075 3992 antmt
1102 3955 1217 4000 dolorem.
1258 3960 1387 4010 Nimiaque
1403 3960 1420 3998 l·

290 4004 315 4057 d)
332 4003 431 4054 spondet
447 4004 468 4046 1.
528 4001 551 4054 e)
565 4006 623 4052 post.
640 4003 690 4042 add.
751 4001 811 4053 oin
826 4007 906 4054 primis
919 4013 970 4056 post
984 4011 1043 4062 aaa„
1065 4012 1104 4052 aa,
1121 4015 1144 4056 2,
1205 4015 1230 4068 Β)
1249 4016 1420 4060 circumvaflafl

289 4066 346 4104 ml
362 4063 382 4113 1,
399 4061 446 4102 Μ’
460 4066 512 4112 ΡΜ*
527 4062 579 4102 “M-
640 4059 829 4112 h)W1nemarus
850 4067 1054 4114 metropolitanum
1078 4071 1173 4112 adortus
1197 4075 1286 4118 lancea
1309 4080 1419 4118 inermem

289 4120 408 4170 transfigit
438 4121 487 4163 add.
510 4120 555 4160 iam
576 4120 615 4158 too
635 4119 680 4158 loeo
703 4120 723 4170 1,
751 4119 791 4160 del.
808 4122 828 4162 2.
858 4120 979 4169 siquidem
999 4137 1022 4169 u.
1043 4129 1114 4178 pereat
1133 4132 1152 4172 1.
1231 4133 1250 4186 1)
1276 4137 1383 4185 tranflgit
1405 4144 1420 4170 σ-

289 4179 464 4232 metuerat,
508 4177 702 4231 mmmmm.
742 4175 993 4231 mlita25.....ereptia
1004 4186 1024 4226 1.
1064 4185 1089 4238 n)
1099 4197 1188 4230 aecum
1198 4193 1219 4235 1.
1266 4193 1419 4248 0)0‚inaosc.

367 4269 395 4336 1)
415 4273 492 4323 Haec
512 4289 544 4323 ex
557 4271 637 4323 Flod.
651 4271 723 4320 Hiet.
738 4270 813 4321 Rem.
827 4272 874 4335 1v‚
890 4274 931 4323 10.
952 4284 1041 4330 sumta
1059 4287 1129 4334 eunt.
1208 4284 1239 4354 2)
1254 4290 1350 4342 Verba
1363 4285 1421 4341 Sal·

289 4345 359 4398 lusti
374 4345 435 4409 Iug.
456 4361 480 4397 c.
502 4345 544 4395 14.
622 4339 751 4408 3)F10d.
771 4340 788 4390 l.
808 4342 825 4394 l.
