2938 5016
307 399 342 449 68
563 396 717 448 RICHERI
735 394 988 448 HISTORIARUM
1006 395 1118 446 LIBER
1137 394 1175 446 11.

257 591 299 634 oro
308 574 453 648 mortem,
479 567 513 628 ni
541 563 627 650 quod
647 562 758 628 volunt
779 561 905 644 afficiat,
932 563 1185 643 interminantur,
1213 570 1248 626 ut
1273 557 1405 624 videlicet

307 671 406 715 naves
429 647 540 713 solvat.
584 648 744 712 Pervasns
766 668 841 732 ergo
864 667 902 711 ac
924 647 1061 729 territus,
1083 668 1182 710 naves
1205 644 1303 710 solvit
1333 642 1404 709 Con-

307 733 441 819 silioque
464 733 552 814 inito,
581 733 725 796 vinctum
753 731 828 796 navi
850 731 1014 812 conitiunt,
1043 751 1082 794 ao
1103 752 1201 794 naves
1223 726 1333 814 singuli
1352 729 1406 790 sin-

306 816 397 904 gulas
419 816 461 880 ad
482 815 556 880 litus
580 815 749 880 deducunt.
793 814 906 879 Eiecto
921 835 999 878 vero
1018 813 1144 900 hospite
1158 814 1292 895 vineto¹,
1311 812 1405 875 navim

306 923 403 966 unam
426 922 536 965 omnes
566 900 701 984 ingressi
737 897 815 963 alias
847 908 995 984 repetunt
1020 919 1058 964 ac
1085 919 1202 963 novem
1230 899 1338 962 iterum
1362 893 1408 960 de·

307 985 436 1050 ducunt.
489 983 663 1070 Octiesque
691 947 824 1047 durium
845 984 993 1066 remensi,
1015 1003 1113 1049 naves
1141 1003 1274 1045 numero
1300 981 1336 1044 ii
1361 979 1408 1044 ab·

307 1068 475 1134 duxerunt.

392 1151 442 1217 58.
475 1152 564 1215 Dum
586 1150 667 1216 haec
687 1159 880 1250 gererentur,
903 1173 1016 1236 regum
1038 1151 1198 1214 exercitus
1221 1151 1256 1212 in
1276 1149 1342 1234 ipsa
1354 1147 1408 1211 diei

309 1237 437 1302 orientis
473 1257 588 1300 aurora
622 1234 719 1298 fluv10
748 1234 839 1298 affuit
870 1257 1032 1320 navesque
1065 1244 1194 1332 paratas
1228 1255 1300 1296 cum
1326 1232 1410 1296 remis

307 1321 437 1401 invenit,
468 1341 547 1406 quas
576 1320 694 1383 tirones
716 1341 789 1382 curn
817 1319 915 1382 armis
942 1319 1086 1404 ingressr,
1115 1319 1271 1402 navigant
1292 1338 1327 1381 ao
1346 1338 1409 1380 exa·

331 1414 455 1470 uantur.
505 1403 589 1466 Tum
617 1404 866 1488 circumquaque
892 1401 1046 1489 palantes,
1072 1401 1159 1465 nullo
1213 1401 1370 1465 rohibente
1395 1421 1410 1462 a

309 1427 443 1554 diversis
465 1486 611 1573 portibus
633 1485 711 1550 alias
726 1487 855 1572 rapiunt
877 1495 908 1550 et
927 1486 1119 1550 exercitibus
1134 1423 1305 1550 dedicunt.
1338 1483 1410 1548 Nam

310 1573 365 1658 qui
386 1572 452 1635 ruri
474 1569 642 1669 degebant,
664 1571 852 1634 irruentium
873 1579 960 1634 metu
975 1591 1085 1633 omnes
1100 1569 1311 1654 auffugerant.
1343 1569 1412 1632 Dux

308 1677 384 1720 vero
417 1653 597 1718 Aurelianis
630 1676 698 1719 sese
731 1663 903 1740 receperat.
958 1653 1052 1720 Unde
1089 1661 1120 1718 et
1156 1655 1212 1739 qui
1244 1652 1411 1717 resisteretl

309 1737 429 1803 aberat.
472 1735 616 1802 Navibus
637 1739 746 1824 itaque
768 1739 900 1802 conexis
921 1760 959 1802 ac
981 1737 1080 1801 multo
1102 1737 1217 1801 robore
1238 1737 1412 1822 compactis,

309 1821 451 1886 liburnas
474 1819 619 1886 solidant.
664 1822 752 1902 Quas
774 1823 936 1921 ingressus
959 1823 1126 1903 exercitus,
1150 1820 1286 1886 fluvium
1303 1821 1412 1886 transit

309 1905 396 1969 Dein
418 1915 502 1970 terra
526 1906 657 1990 recepti,
685 1905 842 1970 incendiis
869 1905 1040 1992 predisque
1062 1905 1305 1970 vehementibus
1325 1915 1414 1970 totam

308 1990 472 2075 regionem
494 2011 594 2075 usque
610 1989 750 2074 Ligerim
773 1989 813 2054 de
839 1989 958 2076 opulati
979 1999 1062 2054 sunt.
1094 1991 1172 2053 Post
1185 1991 1266 2054 haec
1283 1989 1415 2054 ferunttu

309 2075 343 2138 in
364 2081 482 2138 terram
504 2083 691 2158 pyratarum
719 2094 758 2136 ac
786 2012 946 2139 solotenus
974 2073 1150 2138 devastant.
1196 2073 1315 2161 Sioque
1339 2072 1415 2156 regis

309 2157 459 2222 iniuriam
489 2157 640 2222 atrociter
665 2155 731 2240 ulti,
765 2158 824 2222 iter
853 2158 894 2224 ad
924 2179 982 2221 sua
1007 2165 1198 2243 retorquent
1243 2157 1415 2222 Ludovicus

309 2264 383 2308 vero
405 2265 464 2307 rex
482 2241 600 2306 Remos
621 2240 712 2306 redit.

344 2361 395 2427 59.
430 2362 575 2443 Qualiter
596 2360 757 2426 Deroldus
779 2383 799 2424 a
821 2360 982 2446 quodam⁰
1003 2361 1127 2427 medico
1149 2363 1324 2448 deceptus⁰
1345 2363 1384 2426 sit

698 2467 835 2531 eumque
859 2443 1047 2530 deceperit‘a

394 2547 466 2626 Quo
500 2557 643 2632 ternpore
679 2547 945 2612 Ambianensium
983 2549 1154 2646 episcopus
1189 2547 1350 2614 Deroldus
1381 2545 1415 2609 ab

308 2629 368 2694 hac
387 2631 454 2694 vita
476 2629 644 2712 decessit1,
670 2632 720 2695 vir
741 2629 924 2716 spectabilis
950 2651 988 2694 ac
1010 2630 1168 2716 palatinus
1190 2641 1222 2695 et
1244 2632 1416 2718 quondam⁸

309 2722 340 2778 et
366 2714 435 2800 regi
464 2712 639 2777 admodum
668 2713 812 2792 dilectus,
841 2716 875 2778 in
903 2723 971 2778 arte
998 2715 1176 2780 medicinae
1203 2718 1415 2815 peritissimus.

185 2796 359 2871 ·ror.rr¹.D0
382 2818 444 2883 quo
467 2797 563 2862 etiarn
584 2798 692 2881 ferun,
715 2796 811 2883 quod,
834 2819 908 2861 cum
929 2797 1035 2864 adhuc
1057 2800 1090 2862 in
1113 2797 1231 2885 palat10
1255 2803 1345 2886 *regi
1362 2821 1416 2863 ser·

306 2882 403 2964 viret,
433 2903 453 2945 a
482 2881 622 2968 quodam
652 2880 850 2947 Salernitana
880 2882 1004 2946 medico
1036 2882 1189 2970 deceptus
1223 2885 1264 2948 sit
1289 2905 1416 2970 eumque

307 2965 478 3050 deceperit.
522 2965 651 3030 Etenim
680 2987 752 3029 cum
780 2976 913 3051 uterque
940 2968 975 3030 in
1004 2975 1071 3032 arte
1099 2967 1278 3033 medicinae
1304 2970 1416 3055 optime

306 3057 425 3133 posset,
454 3057 486 3113 et
513 3049 573 3114 iste
595 3050 664 3134 regi
685 3051 800 3136 potior,
831 3048 1050 3116 Salernitanus
1072 3073 1148 3116 vero
1170 3054 1321 3137 reginae*
1344 3052 1416 3138 peri-

306 3133 369 3198 tior
396 3131 570 3214 videretur,
600 3143 780 3198 commento
807 3135 892 3219 regis
921 3143 1084 3220 repertum
1117 3145 1174 3218 est,
1209 3137 1280 3221 quis
1313 3157 1417 3202 eorum

307 3218 434 3282 rerum‘¹
461 3226 590 3282 naturas
618 3219 721 3316 magis
751 3218 939 3284 dinosceret.
983 3219 1083 3285 Iussit
1111 3219 1229 3284 etenim
1259 3241 1368 3285 coram
1388 3242 1417 3284 se

306 3299 377 3366 illos
399 3301 572 3367 consedere
594 3323 757 3384 convlvaS,
791 3323 921 3366 causam
943 3303 991 3366 rei
1011 3305 1138 3388 penitus
1161 3302 1365 3370 dissimulans
1386 3325 1418 3368 ao

307 3407 340 3450 se
366 3407 383 3450 e
404 3388 450 3450 eis
473 3386 654 3472 questiones
675 3407 866 3471 proponens.
911 3386 991 3467 Quis
1015 3409 1056 3452 ue
1071 3395 1106 3451 ut
1120 3396 1246 3474 poterat
1259 3389 1419 3487 proposita

308 3408 461 3533 solvebat.
504 3468 686 3532 Deroldus⁰
709 3467 848 3554 quidem,
882 3479 992 3555 utpote
1026 3471 1190 3536 itterarum
1212 3472 1336 3538 arabus
1357 3495 1417 3538 eru-

307 3550 402 3634 ditus,
423 3551 630 3636 probabiliter
645 3551 769 3617 obiecta
784 3553 970 3618 diffiniebat.
994 3553 1212 3620 salernitanus
1227 3577 1313 3639 vero,
1331 3557 1418 3622 liceta

307 3633 395 3698 nulla
414 3635 590 3699 litterarum
613 3637 746 3701 scientia
766 3637 919 3722 preditus,
946 3647 1054 3702 tamen
1076 3660 1118 3702 ex
1139 3640 1269 3724 ingenio
1291 3652 1418 3708 naturae

308 3715 441 3780 multam
462 3719 495 3780 in
516 3717 612 3782 rebus
635 3722 866 3806 experientiam
888 3721 1036 3787 habebat.
1080 3723 1181 3808 Regio
1203 3726 1312 3811 itaque
1337 3727 1418 3790 iussu

307 3799 425 3866 cotidie
452 3801 627 3884 consident,
656 3824 695 3867 ae
722 3826 833 3869 mensa
861 3806 950 3891 regia
979 3806 1127 3871 continue
1157 3830 1221 3872 una
1249 3809 1418 3894 potiuntur.

307 3884 351 3951 Et
372 3883 423 3950 die
446 3885 585 3971 quadam
607 3887 647 3952 de
669 3887 916 3953 dinamidiarum
938 3889 1124 3955 differentiis
1146 3891 1349 3977 disputatum
1364 3901 1418 3973 est,

381 4047 403 4116 ⁸)
423 4051 595 4103 Frederunas
614 4051 678 4102 odd.
700 4053 724 4101 1.

367 4192 389 4245 a)
408 4200 458 4244 port
474 4196 523 4236 aad.
605 4195 628 4248 b)
646 4197 763 4238 resisteret
780 4198 799 4237 1.
875 4194 896 4249 c)
918 4209 948 4251 m,
966 4202 1039 4252 optus,
1055 4200 1129 4250 aperit
1143 4200 1200 4243 abso.
1285 4201 1419 4256 d)tnr.1·

308 4249 330 4302 e)
347 4253 376 4293 D.
393 4265 415 4302 q.
431 4255 455 4292 ia
470 4265 538 4304 mara.

384 4373 409 4436 1)
429 4370 598 4426 Flodoardus
617 4381 729 4428 mortem
748 4375 862 4428 Deroldi
879 4382 984 4430 tantum
1002 4379 1092 4432 refert.
