2938 5016
297 373 452 426 RIGHERI
470 372 725 426 HISTORIARUM
743 374 855 425 LIBER
875 374 911 425 II.
1135 377 1169 426 69

66 549 286 630 tractatumque
307 541 447 626 uberius,
471 542 549 629 quid
571 541 707 606 *efficiat
733 542 970 625 farmaceutica,
993 543 1070 630 quid
1092 563 1230 611 veroare.

66 626 218 712 cirurgica,
246 626 325 713 quid
347 626 443 691 etiam
465 623 625 691 butanica.
668 624 713 691 At
740 625 968 709 Salemitanus,
998 619 1279 714 peregrina'9·⁸⁰¹·

64 711 181 774 nomina
200 732 266 775 non
286 710 465 792 advertens,
492 710 533 775 ab
556 730 666 774 eorum
694 710 953 796 interpretatione
976 712 1168 779 erubescens

65 795 182 880 quievit.
234 794 363 859 Invidet
392 817 469 879 ergo
499 793 674 881 plurimum
701 815 739 856 ac
767 795 801 856 in
828 795 896 858 eius
918 805 1053 860 mortem
1075 819 1168 863 vene-

64 899 131 941 num
174 899 263 944 arare
285 878 473 960 meditatur;
496 877 649 942 multama
672 876 781 942 dolose
803 876 1049 944 benivolentiam
1071 883 1168 946 simu-

64 959 131 1026 lans.
189 971 278 1026 arato
300 984 376 1027 uero
398 960 566 1043 maleficio,
589 983 663 1025 cum
685 983 749 1024 una
770 963 804 1024 in
825 961 960 1046 prandio
982 964 1168 1048 residerent,

65 1046 270 1110 Salernitanus
291 1069 400 1132 ungue
422 1046 567 1195 inpudici
589 1046 741 1127 toxicato,
771 1043 928 1130 liquorem
949 1047 1080 1132 piperis,
1125 1071 1167 1114 uo

64 1129 159 1194 cibum
180 1132 299 1216 pariter
320 1131 464 1216 intingue
489 1140 553 1211 ant,
575 1128 732 1194 loetaliter
752 1129 860 1193 inficit.
912 1130 984 1210 Quo
1006 1071 1167 1197 Deroldus

63 1214 177 1278 incaute
213 1224 358 1299 sumpto,
393 1236 472 1277 mox
507 1222 654 1299 serpente
685 1235 824 1295 veneno,
861 1213 996 1279 deficere
1029 1217 1167 1314 coepitb.

63 1295 261 1384 Eductusque
282 1321 303 1362 a
324 1299 399 1378 suia,
422 1299 560 1362 teriacac
581 1298 648 1362 vim
670 1297 785 1360 veneni
812 1296 945 1382 repellit.
997 1297 1041 1363 Et
1061 1300 1166 1364 triduo

64 1380 179 1466 expleto
208 1403 317 1446 coram
344 1382 482 1463 rediens,
512 1381 711 1446 Salernitano
737 1381 978 1446 consuescebat.
1028 1383 1167 1448 Interro-

63 1475 146 1549 gatus
166 1488 253 1548 vero,
283 1467 361 1552 quid
383 1467 413 1530 ei
435 1467 612 1547 accidisset,
640 1465 798 1530 fleumatis
827 1464 968 1550 frigdore
990 1489 1024 1530 se
1052 1465 1168 1533 leviter

63 1559 169 1614 tactum
190 1573 241 1614 res
266 1550 369 1633 ondit,
399 1551 572 1637 quicquam
593 1549 713 1614 fraudis
735 1571 769 1612 se
790 1548 998 1634 perpendisse
1020 1549 1167 1615 dissimu-

63 1632 133 1698 lans.
181 1573 277 1699 Unde
307 1644 338 1699 et
364 1633 488 1698 hostem
514 1637 678 1699 incautum
707 1632 812 1698 efficit.
869 1631 1033 1698 Convivae
1058 1636 1166 1720 itaque

63 1718 176 1800 redditi,
205 1717 367 1782 Deroldus
396 1719 541 1783 toxicum
569 1719 652 1783 inter
679 1715 888 1781 auricularem
917 1740 956 1782 ac
977 1717 1167 1784 salutarem¹

65 1801 246 1866 occultatum
269 1804 336 1866 eius
359 1801 454 1866 cibo<l
475 1801 630 1867 sumendo
652 1803 814 1887 respersit.
859 1801 954 1882 Quod
975 1824 1053 1867 mox
1077 1805 1188 1870 vonis,

64 1907 192 1972 serpena,
214 1889 299 1952 vitae
322 1885 459 1950 calorem
481 1887 622 1970 fugabat.
665 1885 874 1972 Vexatusque
896 1907 916 1949 a
943 1887 1008 1950 suis
1034 1888 1167 1952 eductus

11 1987 12 1992 ’
65 1978 113 2032 est.
154 1971 218 2051 Qui
232 1993 354 2034 veneno
376 1969 565 2056 expellendo
583 1990 712 2055 operam
728 1968 816 2052 dans,
840 1969 917 2033 nihil
932 1992 1060 2035 curaea
1084 1971 1167 2036 ebat.

64 2052 249 2118 Deroldum⁰
270 2055 380 2140 itaque
399 2055 609 2138 magnificans
630 2075 854 2139 summumque
871 2075 946 2118 eum
960 2055 994 2117 in
1008 1995 1168 2120 medicina

64 2137 230 2233 predicans,
262 2140 330 2203 eius
359 2160 468 2202 curam
495 2137 772 2203 vehementissime
800 2136 938 2222 petebat.
988 2138 1053 2217 Qui
1081 2139 1167 2222 regis

64 2242 142 2285 iussu
162 2222 276 2305 flexus,
298 2222 449 2286 antidotis
478 2223 560 2286 datis
590 2221 628 2284 af
650 2222 758 2284 toxico
783 2232 862 2305 perss
891 2220 1080 2284 industriam
1102 2243 1168 2284 non

65 2325 100 2367 ex
118 2314 181 2370 toto
202 2308 361 2392 purgavit.
404 2306 487 2370 Nam
510 2313 638 2391 sumpta
658 2305 785 2385 teriaca,
808 2305 856 2367 vis
871 2305 987 2368 veneni
1001 2305 1035 2366 in
1049 2303 1167 2390 pedem

65 2389 213 2454 sinistrum
231 2391 357 2476 penitus
372 2389 498 2477 dilapsa
519 2399 585 2472 est,
607 2391 642 2452 in
662 2396 785 2453 tanturn
806 2395 851 2469 ut,
873 2389 960 2473 apud
975 2387 1168 2453 domesticos

66 2493 96 2535 eo
124 2473 318 2538 familiariter
350 2483 473 2558 agente,
506 2495 680 2554 venenum,
713 2473 771 2536 uth
803 2471 937 2554 ferturh,
969 2473 1003 2535 in
1035 2472 1167 2536 modum

66 2558 163 2622 ciceris
185 2580 204 2621 a
225 2558 307 2643 pede
329 2581 388 2643 per
408 2579 524 2623 venam
554 2578 687 2642 surgens
716 2557 758 2621 ab
786 2557 928 2621 antidoto
958 2557 1107 2621 obviante
1133 2557 1167 2619 in

66 2640 167 2723 pedem
194 2641 409 2726 repelleretur.
460 2639 586 2722 Quibus
617 2641 795 2705 diutissime
828 2641 875 2704 sic
904 2641 1167 2726 repugnantibus,

65 2744 113 2806 pes
142 2727 175 2789 in
208 2727 290 2790 cutis
323 2748 360 2789 su
385 2725 491 2790 efficia
523 2725 653 2790 foratur.
700 2725 864 2809 Factoque
893 2723 1016 2807 morb0,
1048 2734 1122 2810 post
1148 2745 1168 2786 a

66 2807 138 2873 cirur
160 2810 185 2873 ‘s
206 2749 429 2875 miserabiliter
449 2808 636 2874 absciditur.

137 2832 185 2958 dl).
222 2895 385 2958 *luterea2
416 2892 484 2957 dux
505 2893 689 2958 Neustriam
719 2892 918 2956 combustam
944 2891 1288 2978 direptamque'r01.aa.

66 2974 171 3060 dolens,
194 2979 370 3044 exercitum
392 2986 494 3063 parat,
517 2978 563 3042 eti
585 2977 620 3041 in
640 2974 821 3058 Amulium,
843 2997 916 3039 oum
930 2976 964 3038 in
979 2999 1088 3061 regem
1102 2990 1228 3040 nonstr-

66 3059 191 3144 auderet,
212 3060 409 3127 truculentus
431 3061 571 3126 effertur.
616 3059 746 3146 Oppida
768 3081 895 3145 quoque
915 3059 1000 3123 illius
1022 3059 1166 3146 aliquotl‘

65 3141 227 3231 impugnat.
284 3147 329 3209 At
361 3167 433 3209 cum
465 3167 525 3231 per
556 3144 624 3210 dies
654 3166 713 3208 sex
745 3142 865 3207 nullum
898 3142 1167 3228 comprehendere

64 3238 175 3313 posset,
211 3239 286 3294 voto
317 3229 485 3295 bustratus
518 3251 576 3294 sua
608 3229 734 3314 repetit.
788 3227 879 3307 Quae
915 3226 991 3290 dum
1028 3251 1048 3290 a
1084 3226 1166 3290 duce

63 3323 244 3396 gererentur,
265 3335 324 3378 rex
339 3314 504 3380 obsidione
518 3314 700 3378 Mosomum
738 3310 889 3392 remebat,
910 3332 948 3374 eo
971 3310 1057 3395 quod
1075 3311 1167 3373 ducis

63 3416 150 3482 nepos
170 3399 268 3483 Hugo
290 3421 310 3462 a
330 3398 521 3484 pontificatu
542 3397 686 3463 abiectus
707 3333 828 3460 ibidem
850 3405 1035 3458 moraretur.
1069 3393 1166 3458 Hunc

63 3478 158 3567 itaque
178 3482 349 3549 infestabat
370 3481 404 3545 in
425 3481 516 3547 ducis
542 3477 775 3546 contumeliam.
816 3475 862 3542 At
883 3477 998 3541 ducem
1020 3477 1061 3542 ab
1084 3476 1167 3542 obsi-

63 3561 145 3631 dione
160 3566 344 3632 discessisse
359 3566 568 3651 comperiens,
585 3567 655 3651 ipse
671 3584 798 3662 quoque
812 3563 931 3627 Remos
944 3561 1070 3648 repetit.
1093 3561 1168 3660 Qua

63 3648 146 3714 ctiam
167 3657 356 3799 tempestate
382 3649 473 3714 Bovo
503 3647 783 3714 Catalaunensrum
813 3647 993 3745 episcopus·
1010 3644 1071 3710 hae
1099 3656 1168 3710 vita

63 3729 196 3798 decessit.
259 3735 293 3796 ui
314 3733 409 3798 etiam
432 3755 510 3798 mox
532 3733 697 3797 successit¹
720 3729 1167 3816 ab³regeG1pmnustotius

113 3875 134 3929 a)
154 3878 232 3930 Atque
253 3878 287 3929 (to
301 3879 326 3918 la
340 3877 416 3929 Mau)
438 3878 460 3918 d.
481 3877 503 3919 b.
520 3875 614 3915 simulat
634 3877 653 3918 1.
722 3873 746 3926 b)
769 3876 831 3926 cepit
847 3887 903 3918 corr.
919 3876 1002 3926 coepit.
1070 3871 1091 3926 c)
1114 3885 1168 3915 mox

63 3942 106 3975 sere
120 3939 168 3981 cdd,
183 3941 204 3980 1.
272 3936 296 3988 d)
314 3948 333 3979 c.
349 3947 403 3977 rnox
420 3937 439 3978 1.
505 3933 527 3986 e)
548 3934 646 3974 Deroldl
662 3934 678 3976 l.
695 3938 768 3974 artem
784 3933 841 3987 (post
857 3932 916 3986 aad.)
935 3937 954 3972 1.
1019 3930 1038 3983 f)
1061 3943 1075 3972 a
1090 3935 1114 3973 vl
1129 3943 1167 3972 ve·

63 3995 111 4034 nent
130 4007 189 4046 pene
213 4006 281 4046 purg.
306 3997 326 4036 1.
400 3993 424 4046 g)
445 4006 468 4044 p.
490 3994 505 4032 l.
525 3994 549 4032 fn
565 4005 643 4043 mara,
665 3993 702 4032 abt
722 3997 770 4034 toto
792 3994 896 4043 corporis
918 3997 936 4032 es
956 3992 1002 4031 olio
1023 4001 1088 4030 croac
1108 3995 1166 4032 aaut.

62 4048 82 4100 h)
94 4057 198 4102 peteuda.
259 4053 276 4105 t)
291 4055 417 4094 vocabulum
432 4063 525 4093 erasum,
585 4050 610 4103 k)
627 4056 699 4101 squot
713 4063 770 4095 corr.
787 4053 883 4101 aliquot.
944 4049 962 4102 1)
980 4049 1137 4092 denaturare
1147 4052 1167 4102 1,

59 4108 145 4156 sonasse
159 4115 223 4154 etiam
237 4115 303 4153 verba
319 4113 348 4153 ab
363 4123 418 4163 rege
433 4113 501 4152 delere
516 4111 583 4152 voluit
599 4115 682 4151 amor.

128 4215 153 4279 1)
182 4216 329 4267 Auctorem
359 4215 519 4268 aunulwem
548 4213 665 4266 scribere
693 4213 818 4276 voluisse,
846 4212 971 4278 opinatus
991 4215 1032 4262 est
1051 4209 1166 4263 Guadet.

61 4280 403 4416 {llolltparpplrnl'lodoardum
428 4290 556 4355 sequitur.
631 4283 660 4352 3)
679 4287 762 4354 Regis
785 4284 887 4336 nullam
912 4285 1075 4336 mentionem
1100 4283 1167 4335 facit

11 4443 13 4498 l
