2938 5016
325 375 360 426 58
581 374 735 428 mortum
754 374 1007 430 maromsauu
1026 376 1137 430 LIBER
1155 379 1193 432 11.

263 562 314 605 sss.
324 542 502 608 obtruncat.
545 541 650 608 Tanta
671 563 799 629 quoque
821 541 918 608 caede
939 543 1073 630 gentiles
1095 545 1158 611 fusi
1173 555 1256 628 sunt,
1277 554 1419 611 uteonom

325 627 430 694 9000ξι
452 645 525 692 cesa
546 626 591 692 ibi
613 624 813 692 referrentur.
857 626 984 716 Reliqui
1005 651 1092 712 vero,
1115 630 1299 717 paucissimi
1317 639 1420 710 tamen,

324 708 430 776 navali
451 708 599 798 profugio
622 711 723 797 erepti
745 719 827 776 sunt.
860 711 931 778 Rex
952 711 1053 778 adeol
1075 713 1212 780 victoria
1236 715 1349 813 potitus
1371 723 1420 793 est,

324 817 454 860 suorum
476 803 583 862 tamen
612 795 723 881 paucis
752 794 842 878 fusis,
871 794 1031 860 nonnullis
1058 819 1134 864 vero
1160 799 1317 863 saumatis.
1355 797 1422 862 Post

325 900 460 966 quorum
475 899 584 943 curam
604 877 708 944 redire
723 877 905 964 disponens,
921 879 1101 946 Rodomum
1116 880 1250 948 Erluino
1265 881 1422 962 commisit3

323 964 394 1050 ipse
418 962 653 1050 Compendium
675 961 812 1028 rediens.

394 1103 444 1168 36.
478 1101 631 1168 Artoldus
653 1101 913 1189 archiepiscopus
941 1104 1081 1168 tirannos
1110 1103 1242 1169 dimittit
1269 1113 1301 1169 et
1326 1102 1364 1167 ad

758 1207 866 1272 regem
888 1189 1009 1252 transit.

408 1305 480 1387 Quo
504 1327 577 1370 eum
599 1305 766 1371 advenisse
788 1305 956 1372 dinoscens
971 1305 1132 1390 Artoldus,
1155 1309 1211 1394 qui
1232 1309 1266 1372 in
1288 1303 1425 1372 coenobio

324 1391 425 1456 sancti
447 1388 556 1456 Basoli
578 1389 768 1456 confessoris
799 1391 841 1456 ab
873 1392 951 1457 urbe
987 1390 1098 1478 pulsus
1134 1390 1329 1474 morabatur,
1361 1412 1426 1454 mox

325 1475 398 1560 quic
422 1473 479 1538 uid
493 1495 513 1538 a
528 1473 654 1539 tiranno
677 1472 739 1538 sibi
760 1472 907 1540 relictum
929 1485 997 1542 erat
1011 1473 1163 1559 abiciens,
1184 1475 1227 1540 ad
1247 1497 1355 1562 regem
1368 1496 1426 1538 sese

324 1495 466 1640 contidit,
489 1556 621 1624 mallens
643 1557 731 1658 apud
759 1579 832 1624 eum
859 1579 961 1645 parvo
991 1567 1158 1626 contentus
1186 1561 1315 1642 morari,
1343 1579 1425 1645 quam

324 1641 518 1708 insaciabilis
533 1643 673 1707 tirannnr
687 1641 853 1707 beneficiis
870 1642 1013 1709 detineri.
1045 1644 1117 1709 Rex
1131 1642 1426 1731 metropolitanum,

325 1747 388 1811 quo
417 1726 485 1871 ipse
513 1748 572 1791 rex
600 1735 803 1792 consecratus
830 1725 899 1810 fuit,
928 1727 1046 1792 iniuste
1074 1729 1300 1815 precipitatum
1321 1727 1425 1806 dolens,

324 1807 418 1956 nesspli
434 1809 512 1874 fidat
534 1809 685 1894 hortatur,
708 1832 868 1876 summum
883 1811 1097 1877 sacerdotimn
1113 1835 1182 1877 sese
1198 1813 1227 1878 ei
1242 1812 1425 1878 redditurum

324 1914 366 1978 po
392 1893 477 1957 'cens
491 1905 510 1956 ¹.

670 2015 720 2080 37.
753 2015 903 2081 Interitus
925 2013 1097 2081 Heriberti.

203 2105 260 2152 ‘¹⁰¹·
279 2110 313 2152 ²¹·
408 2114 468 2179 His
491 2115 536 2180 ita
558 2137 627 2182 sese
649 2115 851 2200 habentibus,
874 2123 964 2181 *cum
986 2117 1175 2184 Heribertus
1202 2141 1284 2206 quae
1308 2143 1347 2186 ue
1366 2141 1425 2206 per·

324 2199 441 2266 nitiosa
461 2207 669 2286 pertractaret
689 2222 728 2267 ac
752 2201 791 2266 de
814 2200 1013 2288 quorundam
1043 2201 1221 2268 calamitate
1250 2227 1283 2268 m
1318 2214 1349 2270 ta
1373 2203 1425 2268 dis·

323 2293 471 2371 poneret,
505 2305 579 2349 cum
605 2285 711 2351 interd
739 2307 814 2350 suos
845 2287 879 2349 in
904 2296 992 2352 veste
1020 2285 1167 2372 preciosa
1193 2285 1319 2354 sederet
1343 2297 1425 2375 atque

323 2369 410 2518 apud
432 2367 502 2433 illos
525 2379 678 2435 extensa⁰
701 2382 816 2434 manu⁰
838 2371 1092 2452 concionaretur,
1121 2371 1240 2436 maiore
1266 2372 1426 2460 apoplexia

324 2473 342 2516 ο
373 2466 384 2496 ⁰
408 2451 658 2538 superfluitatem
681 2453 850 2518 humorum
873 2463 996 2540 captus,
1025 2453 1059 2518 in
1086 2455 1158 2540 ipsa
1185 2477 1293 2521 rorum
1315 2456 1425 2522 ordina-

323 2537 409 2600 tione
433 2537 612 2600 constrictis
634 2538 783 2602 manibus
805 2539 975 2624 nervisque
997 2540 1179 2622 contractis,
1210 2561 1264 2605 ore
1287 2541 1381 2606 etiam
1400 2540 1425 2602 in

323 2640 434 2683 aurem
457 2618 600 2700 distorto,
623 2642 695 2684 oum
723 2620 823 2686 multo
852 2621 981 2688 horrore
1010 2631 1042 2688 et
1070 2619 1310 2710 horripilatione
1331 2645 1425 2690 coram

323 2703 389 2767 suis
425 2701 623 2767 inconsultus
663 2705 849 2791 exspiravit.
888 2705 1148 2793 ·Susceptusque
1183 2729 1203 2772 a
1239 2709 1316 2790 suis,
1351 2706 1426 2795 apud

323 2785 477 2852 Sanctum
507 2787 697 2868 Quintinum
726 2812 760 2856 se
784 2788 869 2854 ultus
899 2799 947 2856 est
957 2801 978 2854 ².
1030 2790 1103 2872 Quo
1131 2790 1265 2891 sepulto,
1288 2794 1356 2858 eius
1378 2790 1426 2856 filii

322 2893 400 2935 mox
422 2892 530 2957 regem
558 2870 721 2956 adeuntes,
748 2812 789 2940 ab
818 2895 855 2940 eo
877 2873 1016 2959 benigne
1045 2885 1174 2960 excepti
1201 2887 1283 2942 sunt.
1334 2876 1426 2942 Patris

205 2984 243 3038 η),
260 2985 311 3030 ⁶2⁶,
322 2955 510 3020 iniuriarum
524 2954 603 3019 nihil
618 2956 680 3020 sibi
694 2957 880 3024 *reducens
910 2957 1083 3045 Excipitur
1097 2969 1129 3024 et
1143 2959 1240 3046 Hugo
1256 2961 1426 3048 episcopus,

323 3059 361 3104 ea
382 3047 489 3104 tamen
511 3037 702 3124 conditione,
725 3052 761 3106 ut
782 3049 926 3128 tempore
949 3057 1090 3128 congruo
1117 3045 1302 3110 ratiocinari
1322 3067 1379 3132 pro
1399 3064 1426 3106 se

322 3122 362 3189 de
384 3124 590 3223 episcopatus
613 3123 784 3212 adeptione
806 3148 870 3191 non
892 3126 1026 3192 differat.
1071 3125 1154 3194 Oum
1176 3129 1294 3215 quibus
1310 3147 1426 3216 quoque

322 3229 380 3273 rex
401 3207 596 3274 Ambranum
619 3208 781 3295 digressus
804 3220 883 3276 esta
925 3209 992 3276 Ubi
1021 3231 1094 3275 cum
1123 3233 1188 3276 non
1217 3214 1285 3278 sine
1307 3232 1426 3278 suorum

320 3293 499 3443 potioribus
533 3315 678 3380 quaeque
714 3294 869 3380 precipua
904 3293 1074 3381 disponere
1114 3293 1225 3379 vellet,
1269 3296 1426 3362 Erluinom

351 3377 459 3444 odomi
480 3386 657 3443 morantem
678 3399 737 3464 per
758 3376 898 3463 legatum
920 3379 1063 3444 accersit.

556 3523 606 3587 38.
640 3521 850 3608 Congressiof
871 3521 996 3590 Arnulfi
1018 3533 1050 3589 et
1070 3523 1206 3588 Erluini.

406 3619 503 3702 Quod
525 3643 598 3688 oum
619 3623 842 3690 malivolorum
863 3625 1015 3692 relatione
1037 3625 1190 3690 Arnulfus
1220 3629 1424 3714 comperisset,

321 3703 455 3768 insidias
488 3707 656 3791 pretendit,
689 3707 935 3798 obvenientique
967 3731 1044 3796 rege
1075 3710 1242 3798 ignorante
1276 3713 1424 3777 cohortem
1464 3753 1465 3756 κ

321 3786 454 3851 inducit.
498 3787 595 3870 Quod
616 3789 769 3858 Erluinus
790 3815 868 3858 mox
890 3793 1070 3876 dinoscens,
1096 3794 1197 3879 signis
1219 3793 1340 3860 collatis
1363 3813 1424 3858 oon·

320 3869 474 3958 graditur.
519 3871 716 3960 Congressus
739 3879 899 3966 utrimque
921 3900 985 3944 non
1002 3875 1158 3943 modicus.
1190 3876 1355 3962 Arnulfus,
1370 3875 1424 3943 suis

380 4075 402 4128 a)
420 4061 487 4119 .11—11.
498 4078 625 4129 praeposito
642 4080 677 4122 .V.
687 4076 713 4120 'et
728 4081 753 4122 s'a
768 4083 865 4133 muratae
881 4084 951 4123 endem
962 4094 1029 4124 mona
1045 4066 1121 4125 Vl—Ifi
1166 4081 1189 4134 b)
1207 4093 1221 4122 a
1232 4084 1314 4126 DsoP.
1360 4081 1424 4134 elme·

321 4136 463 4186 tropolltsno
472 4147 530 4178 corr.
540 4139 752 4189 metropolitanum.
799 4142 822 4194 d)
839 4141 901 4192 apud
918 4144 939 4182 1.
987 4141 1008 4194 e)
1022 4147 1073 4193 post
1088 4142 1138 4183 add.
1186 4140 1253 4195 oss,
1269 4143 1361 4184 Erlulnl
1376 4140 1423 4181 abeo·

395 4283 423 4350 1)
436 4286 513 4337 Haec
527 4303 560 4339 sx
573 4288 666 4353 Flod.;
687 4289 721 4342 cf.
740 4307 766 4344 v.
787 4289 946 4344 Kslclrstsin
965 4310 991 4361 p.
1007 4292 1068 4346 241.
1120 4292 1207 4361 s)1ts
1220 4297 1306 4346 morte
1319 4291 1423 4346 breviter

319 4363 425 4408 narrata
439 4357 517 4410 Flod.
581 4362 608 4428 3)
628 4362 715 4416 Aliter
733 4379 775 4416 ros
795 4363 962 4418 Flodosrdus
983 4372 1080 4418 nsrrst.
