<?xml version="1.0" encoding="UTF-8"?>
<!DOCTYPE html PUBLIC "-//W3C//DTD XHTML 1.0 Transitional//EN"
    "http://www.w3.org/TR/xhtml1/DTD/xhtml1-transitional.dtd">
<html xmlns="http://www.w3.org/1999/xhtml" xml:lang="en" lang="en">
 <head>
  <title>
</title>
<meta http-equiv="Content-Type" content="text/html;charset=utf-8" />
  <meta name='ocr-system' content='tesseract 3.04.00' />
  <meta name='ocr-capabilities' content='ocr_page ocr_carea ocr_par ocr_line ocrx_word'/>
</head>
<body>
  <div class='ocr_page' id='page_1' title='image "./richerihistoria00richgoog_0047.png"; bbox 0 0 2938 5016; ppageno 0'>
   <div class='ocr_carea' id='block_1_1' title="bbox 307 421 1166 476">
    <p class='ocr_par' dir='ltr' id='par_1_1' title="bbox 307 421 1166 476">
     <span class='ocr_line' id='line_1_1' title="bbox 307 421 1166 476; baseline -0.001 0"><span class='ocrx_word' id='word_1_1' title='bbox 307 427 342 476; x_wconf 77' lang='lat'><strong>26</strong></span> <span class='ocrx_word' id='word_1_2' title='bbox 568 423 721 475; x_wconf 81' lang='lat' dir='ltr'>RIOHERI</span> <span class='ocrx_word' id='word_1_3' title='bbox 740 421 994 476; x_wconf 77' lang='lat' dir='ltr'><strong>HISTORIARUM</strong></span> <span class='ocrx_word' id='word_1_4' title='bbox 1013 423 1124 474; x_wconf 77' lang='lat' dir='ltr'><strong>LIBER</strong></span> <span class='ocrx_word' id='word_1_5' title='bbox 1143 425 1166 476; x_wconf 93' lang='lat'><strong>1.</strong></span> 
     </span>
    </p>
   </div>
   <div class='ocr_carea' id='block_1_2' title="bbox 194 585 1460 2102">
    <p class='ocr_par' dir='ltr' id='par_1_2' title="bbox 246 585 1460 930">
     <span class='ocr_line' id='line_1_2' title="bbox 246 585 1457 740; baseline -0.001 -90"><span class='ocrx_word' id='word_1_6' title='bbox 246 602 365 657; x_wconf 75' lang='lat' dir='ltr'><strong>saa.ut³</strong></span> <span class='ocrx_word' id='word_1_7' title='bbox 387 592 456 678; x_wconf 90' lang='lat' dir='ltr'><strong>ipse</strong></span> <span class='ocrx_word' id='word_1_8' title='bbox 477 591 511 654; x_wconf 92' lang='lat' dir='ltr'><strong>in</strong></span> <span class='ocrx_word' id='word_1_9' title='bbox 532 611 664 740; x_wconf 62' lang='lat' dir='ltr'><strong>regnum</strong></span> <span class='ocrx_word' id='word_1_10' title='bbox 687 589 833 654; x_wconf 84' lang='lat' dir='ltr'><strong>coronari</strong></span> <span class='ocrx_word' id='word_1_11' title='bbox 861 611 926 654; x_wconf 91' lang='lat' dir='ltr'><strong>non</strong></span> <span class='ocrx_word' id='word_1_12' title='bbox 947 589 1138 671; x_wconf 68' lang='lat' dir='ltr'><strong>abnuereti,</strong></span> <span class='ocrx_word' id='word_1_13' title='bbox 1169 587 1276 654; x_wconf 91' lang='lat' dir='ltr'><strong>multis</strong></span> <span class='ocrx_word' id='word_1_14' title='bbox 1305 588 1405 653; x_wconf 89' lang='lat' dir='ltr'><strong>suasio·</strong></span> <span class='ocrx_word' id='word_1_15' title='bbox 1456 585 1457 602; x_wconf 63' lang='lat'>¹</span> 
     </span>
     <span class='ocr_line' id='line_1_3' title="bbox 306 673 1404 760; baseline -0.005 -20"><span class='ocrx_word' id='word_1_16' title='bbox 306 677 401 742; x_wconf 89' lang='lat' dir='ltr'><strong>nibus</strong></span> <span class='ocrx_word' id='word_1_17' title='bbox 423 696 572 760; x_wconf 90' lang='lat' dir='ltr'><strong>permove</strong></span> <span class='ocrx_word' id='word_1_18' title='bbox 597 685 637 740; x_wconf 86' lang='lat' dir='ltr'><strong>at.</strong></span> <span class='ocrx_word' id='word_1_19' title='bbox 680 673 852 738; x_wconf 90' lang='lat' dir='ltr'><strong>Heinricus</strong></span> <span class='ocrx_word' id='word_1_20' title='bbox 882 695 961 738; x_wconf 88' lang='lat' dir='ltr'><strong>vero</strong></span> <span class='ocrx_word' id='word_1_21' title='bbox 984 696 1058 738; x_wconf 90' lang='lat' dir='ltr'><strong>cum</strong></span> <span class='ocrx_word' id='word_1_22' title='bbox 1086 673 1224 739; x_wconf 87' lang='lat' dir='ltr'><strong>nefanda</strong></span> <span class='ocrx_word' id='word_1_23' title='bbox 1250 695 1321 738; x_wconf 90' lang='lat' dir='ltr'><strong>eum</strong></span> <span class='ocrx_word' id='word_1_24' title='bbox 1348 692 1404 734; x_wconf 90' lang='lat' dir='ltr'><strong>sua-</strong></span> 
     </span>
     <span class='ocr_line' id='line_1_4' title="bbox 307 756 1460 840; baseline -0.007 -16"><span class='ocrx_word' id='word_1_25' title='bbox 307 759 383 825; x_wconf 87' lang='lat' dir='ltr'><strong>dere</strong></span> <span class='ocrx_word' id='word_1_26' title='bbox 417 758 612 840; x_wconf 88' lang='lat' dir='ltr'><strong>adverteret,</strong></span> <span class='ocrx_word' id='word_1_27' title='bbox 645 757 739 822; x_wconf 89' lang='lat' dir='ltr'><strong>dictis</strong></span> <span class='ocrx_word' id='word_1_28' title='bbox 772 756 934 822; x_wconf 90' lang='lat' dir='ltr'><strong>suadentis</strong></span> <span class='ocrx_word' id='word_1_29' title='bbox 966 757 1141 822; x_wconf 84' lang='lat' dir='ltr'><strong>admodum</strong></span> <span class='ocrx_word' id='word_1_30' title='bbox 1172 757 1303 838; x_wconf 76' lang='lat' dir='ltr'><strong>restitit,</strong></span> <span class='ocrx_word' id='word_1_31' title='bbox 1334 767 1361 820; x_wconf 91' lang='lat' dir='ltr'><strong>et</strong></span> <span class='ocrx_word' id='word_1_32' title='bbox 1378 763 1405 817; x_wconf 88' lang='lat' dir='ltr'><strong>ut</strong></span> <span class='ocrx_word' id='word_1_33' title='bbox 1459 805 1460 808; x_wconf 41' lang='lat'><strong>.</strong></span> 
     </span>
     <span class='ocr_line' id='line_1_5' title="bbox 307 839 1344 930; baseline -0.005 -22"><span class='ocrx_word' id='word_1_34' title='bbox 307 844 484 930; x_wconf 83' lang='lat' dir='ltr'><strong>quiesceret</strong></span> <span class='ocrx_word' id='word_1_35' title='bbox 504 841 545 908; x_wconf 92' lang='lat' dir='ltr'><strong>ab</strong></span> <span class='ocrx_word' id='word_1_36' title='bbox 568 841 696 924; x_wconf 81' lang='lat' dir='ltr'><strong>illicitis,</strong></span> <span class='ocrx_word' id='word_1_37' title='bbox 719 841 826 906; x_wconf 93' lang='lat' dir='ltr'><strong>multis</strong></span> <span class='ocrx_word' id='word_1_38' title='bbox 849 839 1148 927; x_wconf 87' lang='lat' dir='ltr'><strong>amplificationibus</strong></span> <span class='ocrx_word' id='word_1_39' title='bbox 1170 839 1344 927; x_wconf 86' lang='lat' dir='ltr'><strong>agitabat1.</strong></span> 
     </span>
    </p>

    <p class='ocr_par' dir='ltr' id='par_1_3' title="bbox 306 925 1460 1768">
     <span class='ocr_line' id='line_1_6' title="bbox 389 925 1406 1012; baseline -0.008 -20"><span class='ocrx_word' id='word_1_40' title='bbox 389 928 440 992; x_wconf 87' lang='grc'><strong>40.</strong></span> <span class='ocrx_word' id='word_1_41' title='bbox 483 925 527 991; x_wconf 77' lang='lat' dir='ltr'><strong>Et</strong></span> <span class='ocrx_word' id='word_1_42' title='bbox 556 925 754 992; x_wconf 78' lang='lat' dir='ltr'><strong>Gislebertus</strong></span> <span class='ocrx_word' id='word_1_43' title='bbox 782 925 912 1012; x_wconf 89' lang='lat' dir='ltr'><strong>quidem</strong></span> <span class='ocrx_word' id='word_1_44' title='bbox 944 947 1017 990; x_wconf 91' lang='lat' dir='ltr'><strong>cum</strong></span> <span class='ocrx_word' id='word_1_45' title='bbox 1053 926 1141 1012; x_wconf 91' lang='lat' dir='ltr'><strong>apud</strong></span> <span class='ocrx_word' id='word_1_46' title='bbox 1177 947 1323 990; x_wconf 81' lang='lat' dir='ltr'><strong>socerum</strong></span> <span class='ocrx_word' id='word_1_47' title='bbox 1354 943 1406 986; x_wconf 90' lang='lat' dir='ltr'><strong>non</strong></span> 
     </span>
     <span class='ocr_line' id='line_1_7' title="bbox 307 1007 1460 1098; baseline -0.005 -23"><span class='ocrx_word' id='word_1_48' title='bbox 307 1010 490 1098; x_wconf 87' lang='lat' dir='ltr'><strong>proliceret,</strong></span> <span class='ocrx_word' id='word_1_49' title='bbox 520 1023 600 1076; x_wconf 83' lang='lat' dir='ltr'><strong>nee⁰</strong></span> <span class='ocrx_word' id='word_1_50' title='bbox 629 1031 765 1095; x_wconf 88' lang='lat' dir='ltr'><strong>regnum</strong></span> <span class='ocrx_word' id='word_1_51' title='bbox 797 1009 879 1074; x_wconf 80' lang='lat' dir='ltr'><strong>sibi⁰</strong></span> <span class='ocrx_word' id='word_1_52' title='bbox 906 1031 1020 1096; x_wconf 91' lang='lat' dir='ltr'><strong>parare</strong></span> <span class='ocrx_word' id='word_1_53' title='bbox 1042 1019 1180 1096; x_wconf 70' lang='lat' dir='ltr'><strong>posset‘,</strong></span> <span class='ocrx_word' id='word_1_54' title='bbox 1212 1010 1247 1072; x_wconf 93' lang='lat' dir='ltr'><strong>in</strong></span> <span class='ocrx_word' id='word_1_55' title='bbox 1271 1007 1406 1074; x_wconf 82' lang='lat' dir='ltr'><strong>Celticum</strong></span> <span class='ocrx_word' id='word_1_56' title='bbox 1459 1057 1460 1063; x_wconf 57' lang='lat'><strong>.</strong></span> 
     </span>
     <span class='ocr_line' id='line_1_8' title="bbox 307 1091 1456 1182; baseline -0.007 -22"><span class='ocrx_word' id='word_1_57' title='bbox 307 1094 425 1160; x_wconf 88' lang='lat' dir='ltr'><strong>secedit</strong></span> <span class='ocrx_word' id='word_1_58' title='bbox 448 1095 507 1159; x_wconf 68' lang='lat' dir='ltr'><strong>ac(1</strong></span> <span class='ocrx_word' id='word_1_59' title='bbox 529 1095 641 1159; x_wconf 83' lang='lat' dir='ltr'><strong>transit</strong></span> <span class='ocrx_word' id='word_1_60' title='bbox 662 1096 695 1157; x_wconf 91' lang='lat' dir='ltr'><strong>in</strong></span> <span class='ocrx_word' id='word_1_61' title='bbox 710 1093 908 1177; x_wconf 83' lang='lat' dir='ltr'><strong>Naustriam3</strong></span> <span class='ocrx_word' id='word_1_62' title='bbox 931 1095 1041 1182; x_wconf 89' lang='lat' dir='ltr'><strong>sicque</strong></span> <span class='ocrx_word' id='word_1_63' title='bbox 1062 1116 1137 1158; x_wconf 92' lang='lat' dir='ltr'><strong>cum</strong></span> <span class='ocrx_word' id='word_1_64' title='bbox 1151 1093 1304 1158; x_wconf 89' lang='lat' dir='ltr'><strong>Rotberto</strong></span> <span class='ocrx_word' id='word_1_65' title='bbox 1321 1091 1406 1154; x_wconf 89' lang='lat' dir='ltr'><strong>duce*</strong></span> <span class='ocrx_word' id='word_1_66' title='bbox 1455 1167 1456 1176; x_wconf 8' lang='grc' dir='ltr'>ἵ</span> 
     </span>
     <span class='ocr_line' id='line_1_9' title="bbox 307 1172 1456 1263; baseline 0.001 -20"><span class='ocrx_word' id='word_1_67' title='bbox 307 1180 347 1243; x_wconf 92' lang='lat' dir='ltr'><strong>de</strong></span> <span class='ocrx_word' id='word_1_68' title='bbox 377 1178 490 1245; x_wconf 90' lang='lat' dir='ltr'><strong>eodem</strong></span> <span class='ocrx_word' id='word_1_69' title='bbox 518 1180 646 1263; x_wconf 84' lang='lat' dir='ltr'><strong>negotio</strong></span> <span class='ocrx_word' id='word_1_70' title='bbox 675 1175 841 1242; x_wconf 90' lang='lat' dir='ltr'><strong>consilium</strong></span> <span class='ocrx_word' id='word_1_71' title='bbox 872 1177 1008 1260; x_wconf 86' lang='lat' dir='ltr'><strong>confert,</strong></span> <span class='ocrx_word' id='word_1_72' title='bbox 1040 1177 1176 1242; x_wconf 83' lang='lat' dir='ltr'><strong>suadens</strong></span> <span class='ocrx_word' id='word_1_73' title='bbox 1207 1177 1237 1243; x_wconf 92' lang='lat' dir='ltr'><strong>ei</strong></span> <span class='ocrx_word' id='word_1_74' title='bbox 1267 1176 1306 1241; x_wconf 90' lang='lat' dir='ltr'><strong>de</strong></span> <span class='ocrx_word' id='word_1_75' title='bbox 1330 1172 1407 1258; x_wconf 86' lang='lat' dir='ltr'><strong>regni</strong></span> <span class='ocrx_word' id='word_1_76' title='bbox 1455 1177 1456 1244; x_wconf 71' lang='lat' dir='ltr'><strong>j</strong></span> 
     </span>
     <span class='ocr_line' id='line_1_10' title="bbox 308 1259 1408 1349; baseline -0.008 -21"><span class='ocrx_word' id='word_1_77' title='bbox 308 1264 510 1349; x_wconf 85' lang='lat' dir='ltr'><strong>susceptione</strong></span> <span class='ocrx_word' id='word_1_78' title='bbox 545 1283 583 1326; x_wconf 89' lang='lat' dir='ltr'><strong>ac</strong></span> <span class='ocrx_word' id='word_1_79' title='bbox 616 1260 729 1326; x_wconf 90' lang='lat' dir='ltr'><strong>Karoli</strong></span> <span class='ocrx_word' id='word_1_80' title='bbox 770 1259 961 1330; x_wconf 87' lang='lat' dir='ltr'><strong>abiectione.</strong></span> <span class='ocrx_word' id='word_1_81' title='bbox 1016 1260 1170 1327; x_wconf 80' lang='lat' dir='ltr'><strong>Exultat⁰</strong></span> <span class='ocrx_word' id='word_1_82' title='bbox 1206 1263 1347 1325; x_wconf 85' lang='lat' dir='ltr'><strong>tirannus</strong></span> <span class='ocrx_word' id='word_1_83' title='bbox 1384 1267 1408 1319; x_wconf 88' lang='lat' dir='ltr'><strong>et</strong></span> 
     </span>
     <span class='ocr_line' id='line_1_11' title="bbox 306 1344 1408 1432; baseline -0.01 -19"><span class='ocrx_word' id='word_1_84' title='bbox 306 1348 431 1413; x_wconf 81' lang='lat' dir='ltr'><strong>tiranno</strong></span> <span class='ocrx_word' id='word_1_85' title='bbox 453 1345 575 1432; x_wconf 87' lang='lat' dir='ltr'><strong>absque</strong></span> <span class='ocrx_word' id='word_1_86' title='bbox 597 1367 687 1410; x_wconf 90' lang='lat' dir='ltr'><strong>mora</strong></span> <span class='ocrx_word' id='word_1_87' title='bbox 707 1345 800 1410; x_wconf 85' lang='lat' dir='ltr'><strong>favet.</strong></span> <span class='ocrx_word' id='word_1_88' title='bbox 843 1344 1032 1410; x_wconf 88' lang='lat' dir='ltr'><strong>Deliberant</strong></span> <span class='ocrx_word' id='word_1_89' title='bbox 1052 1346 1159 1431; x_wconf 89' lang='lat' dir='ltr'><strong>itaque</strong></span> <span class='ocrx_word' id='word_1_90' title='bbox 1181 1346 1277 1410; x_wconf 89' lang='lat' dir='ltr'><strong>ambo</strong></span> <span class='ocrx_word' id='word_1_91' title='bbox 1299 1347 1408 1430; x_wconf 87' lang='lat' dir='ltr'><strong>etpost</strong></span> 
     </span>
     <span class='ocr_line' id='line_1_12' title="bbox 307 1429 1456 1580; baseline -0.007 0"><span class='ocrx_word' id='word_1_92' title='bbox 307 1429 988 1580; x_wconf 52' lang='lat' dir='ltr'><strong>¹³¹&#39;⁰‘derpiiindiieididiaiiiiiiii⁸</strong></span> <span class='ocrx_word' id='word_1_93' title='bbox 1011 1429 1280 1578; x_wconf 62' lang='lat' dir='ltr'><strong>titii..</strong></span> <span class='ocrx_word' id='word_1_94' title='bbox 1303 1532 1353 1574; x_wconf 63' lang='lat' dir='ltr'><strong>a.</strong></span> <span class='ocrx_word' id='word_1_95' title='bbox 1372 1531 1399 1572; x_wconf 61' lang='lat' dir='ltr'><strong>a</strong></span> <span class='ocrx_word' id='word_1_96' title='bbox 1455 1543 1456 1546; x_wconf 14' lang='grc' dir='ltr'><strong>κ</strong></span> 
     </span>
     <span class='ocr_line' id='line_1_13' title="bbox 307 1533 1456 1684; baseline -0.008 -21"><span class='ocrx_word' id='word_1_97' title='bbox 307 1599 406 1664; x_wconf 88' lang='lat' dir='ltr'><strong>disset</strong></span> <span class='ocrx_word' id='word_1_98' title='bbox 423 1561 532 1684; x_wconf 87' lang='lat' dir='ltr'><strong>ibique</strong></span> <span class='ocrx_word' id='word_1_99' title='bbox 568 1538 696 1663; x_wconf 76' lang='lat' dir='ltr'><strong>Iiivatus</strong></span> <span class='ocrx_word' id='word_1_100' title='bbox 711 1596 873 1679; x_wconf 85' lang='lat' dir='ltr'><strong>resideret,</strong></span> <span class='ocrx_word' id='word_1_101' title='bbox 889 1562 1001 1662; x_wconf 85' lang='lat' dir='ltr'><strong>urbein</strong></span> <span class='ocrx_word' id='word_1_102' title='bbox 1017 1597 1241 1662; x_wconf 87' lang='lat' dir='ltr'><strong>Suessonicam</strong></span> <span class='ocrx_word' id='word_1_103' title='bbox 1252 1533 1408 1661; x_wconf 66' lang='lat' dir='ltr'><strong>Rdtbertus</strong></span> <span class='ocrx_word' id='word_1_104' title='bbox 1455 1587 1456 1644; x_wconf 70' lang='grc' dir='ltr'><strong>ἶ</strong></span> 
     </span>
     <span class='ocr_line' id='line_1_14' title="bbox 307 1621 1456 1768; baseline -0.004 -24"><span class='ocrx_word' id='word_1_105' title='bbox 307 1683 494 1767; x_wconf 87' lang='lat' dir='ltr'><strong>ingreditur.</strong></span> <span class='ocrx_word' id='word_1_106' title='bbox 537 1621 635 1767; x_wconf 61' lang='lat' dir='ltr'><strong>alpad</strong></span> <span class='ocrx_word' id='word_1_107' title='bbox 658 1703 753 1768; x_wconf 89' lang='lat' dir='ltr'><strong>quem</strong></span> <span class='ocrx_word' id='word_1_108' title='bbox 782 1704 822 1746; x_wconf 84' lang='lat' dir='ltr'><strong>ex</strong></span> <span class='ocrx_word' id='word_1_109' title='bbox 849 1683 938 1746; x_wconf 71' lang='lat' dir='ltr'><strong>totai</strong></span> <span class='ocrx_word' id='word_1_110' title='bbox 962 1679 1084 1746; x_wconf 80' lang='lat' dir='ltr'><strong>Celtica</strong></span> <span class='ocrx_word' id='word_1_111' title='bbox 1109 1683 1262 1768; x_wconf 87' lang='lat' dir='ltr'><strong>primates</strong></span> <span class='ocrx_word' id='word_1_112' title='bbox 1290 1677 1407 1752; x_wconf 89' lang='lat' dir='ltr'><strong>collecti,</strong></span> <span class='ocrx_word' id='word_1_113' title='bbox 1455 1687 1456 1733; x_wconf 66' lang='grc' dir='ltr'><strong>ἐ</strong></span> 
     </span>
    </p>

    <p class='ocr_par' dir='ltr' id='par_1_4' title="bbox 194 1761 1460 2102">
     <span class='ocr_line' id='line_1_15' title="bbox 332 1761 1455 1851; baseline -0.005 -22"><span class='ocrx_word' id='word_1_114' title='bbox 332 1788 374 1839; x_wconf 87' lang='lat' dir='ltr'><strong>ua</strong></span> <span class='ocrx_word' id='word_1_115' title='bbox 395 1767 515 1831; x_wconf 88' lang='lat' dir='ltr'><strong>ratione</strong></span> <span class='ocrx_word' id='word_1_116' title='bbox 537 1787 646 1851; x_wconf 86' lang='lat' dir='ltr'><strong>regern</strong></span> <span class='ocrx_word' id='word_1_117' title='bbox 668 1765 816 1846; x_wconf 86' lang='lat' dir='ltr'><strong>abiciant,</strong></span> <span class='ocrx_word' id='word_1_118' title='bbox 844 1767 1099 1830; x_wconf 87' lang='lat' dir='ltr'><strong>constantissime</strong></span> <span class='ocrx_word' id='word_1_119' title='bbox 1126 1764 1313 1828; x_wconf 87' lang='lat' dir='ltr'><strong>consultant.</strong></span> <span class='ocrx_word' id='word_1_120' title='bbox 1354 1761 1409 1825; x_wconf 89' lang='lat' dir='ltr'><strong>Nec</strong></span> <span class='ocrx_word' id='word_1_121' title='bbox 1454 1836 1455 1848; x_wconf 11' lang='grc' dir='ltr'>χ</span> 
     </span>
     <span class='ocr_line' id='line_1_16' title="bbox 310 1786 1409 1934; baseline 0 -22"><span class='ocrx_word' id='word_1_122' title='bbox 310 1786 408 1913; x_wconf 75' lang='lat' dir='ltr'><strong>defuit</strong></span> <span class='ocrx_word' id='word_1_123' title='bbox 431 1848 629 1914; x_wconf 82' lang='lat' dir='ltr'><strong>Gislebertus</strong></span> <span class='ocrx_word' id='word_1_124' title='bbox 652 1848 692 1912; x_wconf 89' lang='lat' dir='ltr'><strong>ab</strong></span> <span class='ocrx_word' id='word_1_125' title='bbox 714 1848 773 1912; x_wconf 94' lang='lat' dir='ltr'><strong>Bel</strong></span> <span class='ocrx_word' id='word_1_126' title='bbox 797 1850 855 1931; x_wconf 86' lang='lat' dir='ltr'><strong>ica,</strong></span> <span class='ocrx_word' id='word_1_127' title='bbox 878 1851 933 1934; x_wconf 91' lang='lat' dir='ltr'><strong>qui</strong></span> <span class='ocrx_word' id='word_1_128' title='bbox 954 1871 1031 1912; x_wconf 87' lang='lat' dir='ltr'><strong>mox</strong></span> <span class='ocrx_word' id='word_1_129' title='bbox 1053 1849 1175 1934; x_wconf 89' lang='lat' dir='ltr'><strong>absque</strong></span> <span class='ocrx_word' id='word_1_130' title='bbox 1198 1847 1409 1914; x_wconf 88' lang='lat' dir='ltr'><strong>deliberatione</strong></span> 
     </span>
     <span class='ocr_line' id='line_1_17' title="bbox 309 1932 1455 2020; baseline -0.004 -24"><span class='ocrx_word' id='word_1_131' title='bbox 309 1933 496 1998; x_wconf 88' lang='lat' dir='ltr'><strong>Rotberturn</strong></span> <span class='ocrx_word' id='word_1_132' title='bbox 528 1955 636 2020; x_wconf 88' lang='lat' dir='ltr'><strong>regem</strong></span> <span class='ocrx_word' id='word_1_133' title='bbox 666 1955 760 1997; x_wconf 88' lang='lat' dir='ltr'><strong>crean</strong></span> <span class='ocrx_word' id='word_1_134' title='bbox 784 1954 838 1995; x_wconf 91' lang='lat' dir='ltr'><strong>um</strong></span> <span class='ocrx_word' id='word_1_135' title='bbox 871 1932 1100 2018; x_wconf 89' lang='lat' dir='ltr'><strong>perstrepebat.</strong></span> <span class='ocrx_word' id='word_1_136' title='bbox 1146 1932 1316 1997; x_wconf 84' lang='lat' dir='ltr'><strong>Communi</strong></span> <span class='ocrx_word' id='word_1_137' title='bbox 1348 1951 1408 1994; x_wconf 90' lang='lat' dir='ltr'><strong>ero</strong></span> <span class='ocrx_word' id='word_1_138' title='bbox 1454 1965 1455 1974; x_wconf 66' lang='lat'><strong>.</strong></span> 
     </span>
     <span class='ocr_line' id='line_1_18' title="bbox 194 2015 1460 2102; baseline -0.001 -26"><span class='ocrx_word' id='word_1_139' title='bbox 194 2035 246 2076; x_wconf 80' lang='lat' dir='ltr'><strong>run.</strong></span> <span class='ocrx_word' id='word_1_140' title='bbox 264 2019 452 2081; x_wconf 79' lang='lat' dir='ltr'><strong>raomnium</strong></span> <span class='ocrx_word' id='word_1_141' title='bbox 481 2018 537 2102; x_wconf 91' lang='lat' dir='ltr'><strong>qui</strong></span> <span class='ocrx_word' id='word_1_142' title='bbox 564 2017 697 2082; x_wconf 89' lang='lat' dir='ltr'><strong>aderant</strong></span> <span class='ocrx_word' id='word_1_143' title='bbox 725 2016 851 2081; x_wconf 87' lang='lat' dir='ltr'><strong>decreto</strong></span> <span class='ocrx_word' id='word_1_144' title='bbox 880 2016 1052 2081; x_wconf 87' lang='lat' dir='ltr'><strong>Rotbertus</strong></span> <span class='ocrx_word' id='word_1_145' title='bbox 1079 2015 1219 2102; x_wconf 79' lang='lat' dir='ltr'><strong>eligitur3</strong></span> <span class='ocrx_word' id='word_1_146' title='bbox 1260 2037 1298 2080; x_wconf 90' lang='lat' dir='ltr'><strong>ac</strong></span> <span class='ocrx_word' id='word_1_147' title='bbox 1326 2038 1356 2078; x_wconf 90' lang='lat' dir='ltr'><strong>m</strong></span> <span class='ocrx_word' id='word_1_148' title='bbox 1385 2023 1409 2076; x_wconf 91' lang='lat' dir='ltr'><strong>to</strong></span> <span class='ocrx_word' id='word_1_149' title='bbox 1455 2051 1460 2088; x_wconf 67' lang='lat'><em>3</em></span> 
     </span>
    </p>
   </div>
   <div class='ocr_carea' id='block_1_3' title="bbox 370 2171 1460 3993">
    <p class='ocr_par' dir='ltr' id='par_1_5' title="bbox 383 2171 1301 2239">
     <span class='ocr_line' id='line_1_19' title="bbox 383 2171 1301 2239; baseline 0.002 -17"><span class='ocrx_word' id='word_1_150' title='bbox 383 2171 406 2239; x_wconf 82' lang='lat'><strong>*)</strong></span> <span class='ocrx_word' id='word_1_151' title='bbox 427 2172 468 2232; x_wconf 80' lang='lat' dir='ltr'><strong>R..</strong></span> <span class='ocrx_word' id='word_1_152' title='bbox 488 2172 599 2222; x_wconf 85' lang='lat' dir='ltr'><strong>Ontonis</strong></span> <span class='ocrx_word' id='word_1_153' title='bbox 619 2173 690 2236; x_wconf 86' lang='lat' dir='ltr'><strong>regis</strong></span> <span class='ocrx_word' id='word_1_154' title='bbox 709 2171 798 2231; x_wconf 83' lang='lat' dir='ltr'><strong>fratre,</strong></span> <span class='ocrx_word' id='word_1_155' title='bbox 819 2173 863 2237; x_wconf 90' lang='lat' dir='ltr'><strong>qui</strong></span> <span class='ocrx_word' id='word_1_156' title='bbox 883 2177 940 2222; x_wconf 85' lang='lat' dir='ltr'><strong>erat</strong></span> <span class='ocrx_word' id='word_1_157' title='bbox 960 2171 1012 2222; x_wconf 86' lang='lat' dir='ltr'><strong>dux</strong></span> <span class='ocrx_word' id='word_1_158' title='bbox 1033 2171 1163 2222; x_wconf 83' lang='lat' dir='ltr'><strong>Celticae.</strong></span> <span class='ocrx_word' id='word_1_159' title='bbox 1201 2171 1301 2224; x_wconf 72' lang='lat' dir='ltr'><strong>Elateia.</strong></span> 
     </span>
    </p>

    <p class='ocr_par' dir='ltr' id='par_1_6' title="bbox 370 2243 1460 3993">
     <span class='ocr_line' id='line_1_20' title="bbox 370 2243 1455 2318; baseline -0.004 -24"><span class='ocrx_word' id='word_1_160' title='bbox 370 2245 407 2318; x_wconf 76' lang='lat'><strong>&#39;*)</strong></span> <span class='ocrx_word' id='word_1_161' title='bbox 426 2245 461 2296; x_wconf 86' lang='lat' dir='ltr'><strong>Et</strong></span> <span class='ocrx_word' id='word_1_162' title='bbox 480 2249 540 2311; x_wconf 90' lang='lat' dir='ltr'><strong>post</strong></span> <span class='ocrx_word' id='word_1_163' title='bbox 559 2244 628 2294; x_wconf 85' lang='lat' dir='ltr'><strong>haec</strong></span> <span class='ocrx_word' id='word_1_164' title='bbox 643 2243 808 2296; x_wconf 82' lang='lat' dir='ltr'><strong>Gislebertus</strong></span> <span class='ocrx_word' id='word_1_165' title='bbox 828 2247 856 2294; x_wconf 91' lang='lat' dir='ltr'><strong>in</strong></span> <span class='ocrx_word' id='word_1_166' title='bbox 872 2243 1012 2310; x_wconf 80' lang='lat' dir='ltr'><strong>Belgicam</strong></span> <span class='ocrx_word' id='word_1_167' title='bbox 1032 2244 1110 2312; x_wconf 87' lang='lat' dir='ltr'><strong>redit,</strong></span> <span class='ocrx_word' id='word_1_168' title='bbox 1131 2246 1278 2311; x_wconf 89' lang='lat' dir='ltr'><strong>municipia</strong></span> <span class='ocrx_word' id='word_1_169' title='bbox 1299 2243 1410 2295; x_wconf 86' lang='lat' dir='ltr'><strong>militibus</strong></span> <span class='ocrx_word' id='word_1_170' title='bbox 1454 2247 1455 2280; x_wconf 64' lang='grc' dir='ltr'>ἲ</span> 
     </span>
     <span class='ocr_line' id='line_1_21' title="bbox 429 2314 1460 2384; baseline -0.004 -16"><span class='ocrx_word' id='word_1_171' title='bbox 429 2319 512 2384; x_wconf 87' lang='lat' dir='ltr'><strong>copiis</strong></span> <span class='ocrx_word' id='word_1_172' title='bbox 532 2317 726 2369; x_wconf 85' lang='lat' dir='ltr'><strong>sufficientibus</strong></span> <span class='ocrx_word' id='word_1_173' title='bbox 746 2317 869 2384; x_wconf 88' lang='lat' dir='ltr'><strong>implens,</strong></span> <span class='ocrx_word' id='word_1_174' title='bbox 896 2319 923 2368; x_wconf 92' lang='lat' dir='ltr'><strong>in</strong></span> <span class='ocrx_word' id='word_1_175' title='bbox 949 2333 1039 2384; x_wconf 85' lang='lat' dir='ltr'><strong>regem</strong></span> <span class='ocrx_word' id='word_1_176' title='bbox 1060 2319 1149 2368; x_wconf 86' lang='lat' dir='ltr'><strong>omnia</strong></span> <span class='ocrx_word' id='word_1_177' title='bbox 1169 2317 1310 2382; x_wconf 87' lang='lat' dir='ltr'><strong>ordinans;</strong></span> <span class='ocrx_word' id='word_1_178' title='bbox 1339 2314 1410 2368; x_wconf 91' lang='lat' dir='ltr'><strong>sicubi</strong></span> <span class='ocrx_word' id='word_1_179' title='bbox 1454 2337 1460 2378; x_wconf 45' lang='grc' dir='ltr'><em>ρ</em></span> 
     </span>
     <span class='ocr_line' id='line_1_22' title="bbox 428 2389 1455 2454; baseline -0.004 -12"><span class='ocrx_word' id='word_1_180' title='bbox 428 2391 524 2442; x_wconf 88' lang='lat' dir='ltr'><strong>rudera</strong></span> <span class='ocrx_word' id='word_1_181' title='bbox 538 2391 640 2442; x_wconf 85' lang='lat' dir='ltr'><strong>aditum</strong></span> <span class='ocrx_word' id='word_1_182' title='bbox 653 2391 797 2454; x_wconf 80' lang='lat' dir='ltr'><strong>iaciebant,</strong></span> <span class='ocrx_word' id='word_1_183' title='bbox 817 2389 975 2442; x_wconf 84' lang='lat' dir='ltr'><strong>firmioribus</strong></span> <span class='ocrx_word' id='word_1_184' title='bbox 990 2390 1113 2442; x_wconf 87' lang='lat' dir='ltr'><strong>claustris</strong></span> <span class='ocrx_word' id='word_1_185' title='bbox 1127 2391 1313 2443; x_wconf 86' lang='lat' dir='ltr'><strong>reaedificans.</strong></span> <span class='ocrx_word' id='word_1_186' title='bbox 1342 2392 1410 2440; x_wconf 85' lang='lat' dir='ltr'><strong>Batus</strong></span> <span class='ocrx_word' id='word_1_187' title='bbox 1454 2419 1455 2438; x_wconf 71' lang='lat'>1</span> 
     </span>
     <span class='ocr_line' id='line_1_23' title="bbox 429 2463 1460 2530; baseline -0.006 -16"><span class='ocrx_word' id='word_1_188' title='bbox 429 2479 491 2514; x_wconf 88' lang='lat' dir='ltr'><strong>vero</strong></span> <span class='ocrx_word' id='word_1_189' title='bbox 512 2463 609 2515; x_wconf 90' lang='lat' dir='ltr'><strong>milites</strong></span> <span class='ocrx_word' id='word_1_190' title='bbox 630 2479 645 2513; x_wconf 84' lang='lat' dir='ltr'><strong>a</strong></span> <span class='ocrx_word' id='word_1_191' title='bbox 665 2480 723 2514; x_wconf 89' lang='lat' dir='ltr'><strong>sese</strong></span> <span class='ocrx_word' id='word_1_192' title='bbox 744 2463 859 2514; x_wconf 87' lang='lat' dir='ltr'><strong>deficere</strong></span> <span class='ocrx_word' id='word_1_193' title='bbox 886 2480 973 2530; x_wconf 86' lang='lat' dir='ltr'><strong>posse,</strong></span> <span class='ocrx_word' id='word_1_194' title='bbox 998 2465 1022 2514; x_wconf 89' lang='lat' dir='ltr'><strong>si</strong></span> <span class='ocrx_word' id='word_1_195' title='bbox 1047 2464 1216 2515; x_wconf 86' lang='lat' dir='ltr'><strong>iureiurando</strong></span> <span class='ocrx_word' id='word_1_196' title='bbox 1237 2467 1288 2516; x_wconf 88' lang='lat' dir='ltr'><strong>sibi</strong></span> <span class='ocrx_word' id='word_1_197' title='bbox 1309 2481 1352 2514; x_wconf 91' lang='lat' dir='ltr'><strong>eos</strong></span> <span class='ocrx_word' id='word_1_198' title='bbox 1369 2475 1410 2511; x_wconf 91' lang='lat' dir='ltr'><strong>non</strong></span> <span class='ocrx_word' id='word_1_199' title='bbox 1454 2467 1460 2482; x_wconf 71' lang='lat'><strong>²</strong></span> 
     </span>
     <span class='ocr_line' id='line_1_24' title="bbox 430 2536 1460 2601; baseline -0.001 -16"><span class='ocrx_word' id='word_1_200' title='bbox 430 2543 593 2598; x_wconf 84' lang='lat' dir='ltr'><strong>annecteret,</strong></span> <span class='ocrx_word' id='word_1_201' title='bbox 613 2537 692 2586; x_wconf 86' lang='lat' dir='ltr'><strong>fidem</strong></span> <span class='ocrx_word' id='word_1_202' title='bbox 707 2537 740 2586; x_wconf 87' lang='lat' dir='ltr'><strong>ab</strong></span> <span class='ocrx_word' id='word_1_203' title='bbox 755 2538 877 2588; x_wconf 88' lang='lat' dir='ltr'><strong>omnibus</strong></span> <span class='ocrx_word' id='word_1_204' title='bbox 891 2553 923 2588; x_wconf 88' lang='lat' dir='ltr'><strong>ex</strong></span> <span class='ocrx_word' id='word_1_205' title='bbox 942 2536 1120 2601; x_wconf 85' lang='lat' dir='ltr'><strong>iureiurando,</strong></span> <span class='ocrx_word' id='word_1_206' title='bbox 1137 2537 1185 2588; x_wconf 92' lang='lat' dir='ltr'><strong>ssd</strong></span> <span class='ocrx_word' id='word_1_207' title='bbox 1199 2544 1225 2589; x_wconf 89' lang='lat' dir='ltr'><strong>et</strong></span> <span class='ocrx_word' id='word_1_208' title='bbox 1238 2537 1345 2589; x_wconf 89' lang='lat' dir='ltr'><strong>obsides</strong></span> <span class='ocrx_word' id='word_1_209' title='bbox 1358 2548 1410 2600; x_wconf 85' lang='lat' dir='ltr'><strong>qnos</strong></span> <span class='ocrx_word' id='word_1_210' title='bbox 1459 2573 1460 2579; x_wconf 65' lang='grc'><strong>.</strong></span> 
     </span>
     <span class='ocr_line' id='line_1_25' title="bbox 430 2606 1410 2678; baseline -0.006 -18"><span class='ocrx_word' id='word_1_211' title='bbox 430 2609 487 2660; x_wconf 91' lang='lat' dir='ltr'><strong>vult</strong></span> <span class='ocrx_word' id='word_1_212' title='bbox 513 2610 627 2674; x_wconf 88' lang='lat' dir='ltr'><strong>accipit,</strong></span> <span class='ocrx_word' id='word_1_213' title='bbox 654 2625 753 2674; x_wconf 88' lang='lat' dir='ltr'><strong>eosque</strong></span> <span class='ocrx_word' id='word_1_214' title='bbox 778 2611 805 2659; x_wconf 90' lang='lat' dir='ltr'><strong>in</strong></span> <span class='ocrx_word' id='word_1_215' title='bbox 831 2609 930 2676; x_wconf 92' lang='lat' dir='ltr'><strong>oppido</strong></span> <span class='ocrx_word' id='word_1_216' title='bbox 956 2611 1094 2670; x_wconf 87' lang='lat' dir='ltr'><strong>Harburc,</strong></span> <span class='ocrx_word' id='word_1_217' title='bbox 1121 2611 1192 2676; x_wconf 91' lang='lat' dir='ltr'><strong>quod</strong></span> <span class='ocrx_word' id='word_1_218' title='bbox 1217 2606 1410 2678; x_wconf 72' lang='lat' dir='ltr'><strong>inexpugnabile</strong></span> 
     </span>
     <span class='ocr_line' id='line_1_26' title="bbox 430 2681 1456 2750; baseline 0.001 -19"><span class='ocrx_word' id='word_1_219' title='bbox 430 2681 577 2745; x_wconf 85' lang='lat' dir='ltr'><strong>videbatur,</strong></span> <span class='ocrx_word' id='word_1_220' title='bbox 598 2682 739 2748; x_wconf 90' lang='lat' dir='ltr'><strong>deputatos</strong></span> <span class='ocrx_word' id='word_1_221' title='bbox 758 2681 880 2746; x_wconf 87' lang='lat' dir='ltr'><strong>recludit,</strong></span> <span class='ocrx_word' id='word_1_222' title='bbox 904 2685 931 2733; x_wconf 90' lang='lat' dir='ltr'><strong>in</strong></span> <span class='ocrx_word' id='word_1_223' title='bbox 952 2699 1043 2749; x_wconf 87' lang='lat' dir='ltr'><strong>regem</strong></span> <span class='ocrx_word' id='word_1_224' title='bbox 1063 2685 1152 2735; x_wconf 86' lang='lat' dir='ltr'><strong>omnia</strong></span> <span class='ocrx_word' id='word_1_225' title='bbox 1176 2684 1266 2750; x_wconf 87' lang='lat' dir='ltr'><strong>palam</strong></span> <span class='ocrx_word' id='word_1_226' title='bbox 1292 2684 1411 2735; x_wconf 87' lang='lat' dir='ltr'><strong>ordinans.</strong></span> <span class='ocrx_word' id='word_1_227' title='bbox 1455 2727 1456 2732; x_wconf 75' lang='grc'>,</span> 
     </span>
     <span class='ocr_line' id='line_1_27' title="bbox 430 2750 1460 2822; baseline 0.003 -19"><span class='ocrx_word' id='word_1_228' title='bbox 430 2753 493 2821; x_wconf 83' lang='lat' dir='ltr'><strong>(His</strong></span> <span class='ocrx_word' id='word_1_229' title='bbox 513 2769 559 2804; x_wconf 85' lang='lat' dir='ltr'><strong>rex</strong></span> <span class='ocrx_word' id='word_1_230' title='bbox 579 2790 677 2804; x_wconf 91' lang='grc'><strong>......</strong></span> <span class='ocrx_word' id='word_1_231' title='bbox 701 2771 747 2804; x_wconf 82' lang='lat' dir='ltr'><strong>rex</strong></span> <span class='ocrx_word' id='word_1_232' title='bbox 765 2762 901 2821; x_wconf 88' lang='lat' dir='ltr'><strong>permotus</strong></span> <span class='ocrx_word' id='word_1_233' title='bbox 921 2755 984 2822; x_wconf 84' lang='lat' dir='ltr'><strong>dci.)</strong></span> <span class='ocrx_word' id='word_1_234' title='bbox 1022 2758 1079 2807; x_wconf 87' lang='lat' dir='ltr'><strong>Nec</strong></span> <span class='ocrx_word' id='word_1_235' title='bbox 1099 2759 1184 2808; x_wconf 90' lang='lat' dir='ltr'><strong>minus</strong></span> <span class='ocrx_word' id='word_1_236' title='bbox 1198 2773 1214 2806; x_wconf 92' lang='lat' dir='ltr'><strong>a</strong></span> <span class='ocrx_word' id='word_1_237' title='bbox 1227 2755 1264 2821; x_wconf 73' lang='lat' dir='ltr'><strong>(i)</strong></span> <span class='ocrx_word' id='word_1_238' title='bbox 1285 2771 1373 2808; x_wconf 88' lang='lat' dir='ltr'><strong>socero</strong></span> <span class='ocrx_word' id='word_1_239' title='bbox 1389 2750 1411 2801; x_wconf 80' lang='lat' dir='ltr'><strong>id</strong></span> <span class='ocrx_word' id='word_1_240' title='bbox 1459 2759 1460 2764; x_wconf 77' lang='grc'>’</span> 
     </span>
     <span class='ocr_line' id='line_1_28' title="bbox 431 2829 1411 2896; baseline -0.004 -19"><span class='ocrx_word' id='word_1_241' title='bbox 431 2829 553 2892; x_wconf 87' lang='lat' dir='ltr'><strong>optinuit,</strong></span> <span class='ocrx_word' id='word_1_242' title='bbox 573 2834 609 2891; x_wconf 91' lang='lat' dir='ltr'><strong>ut,</strong></span> <span class='ocrx_word' id='word_1_243' title='bbox 630 2844 815 2894; x_wconf 89' lang='lat' dir='ltr'><strong>quaecumque</strong></span> <span class='ocrx_word' id='word_1_244' title='bbox 834 2831 892 2896; x_wconf 91' lang='lat' dir='ltr'><strong>ipse</strong></span> <span class='ocrx_word' id='word_1_245' title='bbox 906 2831 934 2879; x_wconf 92' lang='lat' dir='ltr'><strong>in</strong></span> <span class='ocrx_word' id='word_1_246' title='bbox 948 2845 1037 2896; x_wconf 87' lang='lat' dir='ltr'><strong>regom</strong></span> <span class='ocrx_word' id='word_1_247' title='bbox 1055 2831 1260 2891; x_wconf 86' lang='lat' dir='ltr'><strong>machinaretur,</strong></span> <span class='ocrx_word' id='word_1_248' title='bbox 1283 2847 1315 2881; x_wconf 86' lang='lat' dir='ltr'><strong>aa</strong></span> <span class='ocrx_word' id='word_1_249' title='bbox 1333 2839 1411 2882; x_wconf 88' lang='lat' dir='ltr'><strong>socero</strong></span> 
     </span>
     <span class='ocr_line' id='line_1_29' title="bbox 430 2901 1411 2968; baseline -0.001 -19"><span class='ocrx_word' id='word_1_250' title='bbox 430 2901 542 2950; x_wconf 86' lang='lat' dir='ltr'><strong>iniuriae</strong></span> <span class='ocrx_word' id='word_1_251' title='bbox 562 2917 615 2951; x_wconf 91' lang='lat' dir='ltr'><strong>non</strong></span> <span class='ocrx_word' id='word_1_252' title='bbox 635 2908 732 2965; x_wconf 86' lang='lat' dir='ltr'><strong>essent,</strong></span> <span class='ocrx_word' id='word_1_253' title='bbox 751 2904 864 2952; x_wconf 87' lang='lat' dir='ltr'><strong>maxime</strong></span> <span class='ocrx_word' id='word_1_254' title='bbox 879 2904 912 2953; x_wconf 93' lang='lat' dir='ltr'><strong>ob</strong></span> <span class='ocrx_word' id='word_1_255' title='bbox 926 2905 954 2954; x_wconf 91' lang='lat' dir='ltr'><strong>id</strong></span> <span class='ocrx_word' id='word_1_256' title='bbox 969 2903 1040 2968; x_wconf 89' lang='lat' dir='ltr'><strong>quod</strong></span> <span class='ocrx_word' id='word_1_257' title='bbox 1057 2903 1235 2954; x_wconf 82' lang='lat' dir='ltr'><strong>Sarmatarum</strong></span> <span class='ocrx_word' id='word_1_258' title='bbox 1256 2903 1411 2955; x_wconf 86' lang='lat' dir='ltr'><strong>infestatione</strong></span> 
     </span>
     <span class='ocr_line' id='line_1_30' title="bbox 430 2973 1411 3042; baseline -0.002 -20"><span class='ocrx_word' id='word_1_259' title='bbox 430 2974 487 3039; x_wconf 88' lang='lat' dir='ltr'><strong>ipse</strong></span> <span class='ocrx_word' id='word_1_260' title='bbox 508 2973 650 3025; x_wconf 84' lang='lat' dir='ltr'><strong>admodum</strong></span> <span class='ocrx_word' id='word_1_261' title='bbox 670 2990 785 3041; x_wconf 87' lang='lat' dir='ltr'><strong>pressus,</strong></span> <span class='ocrx_word' id='word_1_262' title='bbox 811 2975 856 3037; x_wconf 86' lang='lat' dir='ltr'><strong>(de</strong></span> <span class='ocrx_word' id='word_1_263' title='bbox 876 2975 939 3042; x_wconf 82' lang='lat' dir='ltr'><strong>del.)</strong></span> <span class='ocrx_word' id='word_1_264' title='bbox 960 2976 1055 3028; x_wconf 88' lang='lat' dir='ltr'><strong>alienis</strong></span> <span class='ocrx_word' id='word_1_265' title='bbox 1080 2977 1195 3042; x_wconf 88' lang='lat' dir='ltr'><strong>negotiis</strong></span> <span class='ocrx_word' id='word_1_266' title='bbox 1220 2977 1322 3028; x_wconf 89' lang='lat' dir='ltr'><strong>utiliter</strong></span> <span class='ocrx_word' id='word_1_267' title='bbox 1344 2978 1411 3026; x_wconf 88' lang='lat' dir='ltr'><strong>inter·</strong></span> 
     </span>
     <span class='ocr_line' id='line_1_31' title="bbox 432 3049 1411 3116; baseline -0.002 -20"><span class='ocrx_word' id='word_1_268' title='bbox 432 3062 490 3097; x_wconf 90' lang='lat' dir='ltr'><strong>esse</strong></span> <span class='ocrx_word' id='word_1_269' title='bbox 510 3063 562 3097; x_wconf 92' lang='lat' dir='ltr'><strong>non</strong></span> <span class='ocrx_word' id='word_1_270' title='bbox 581 3054 680 3113; x_wconf 87' lang='lat' dir='ltr'><strong>posset.</strong></span> <span class='ocrx_word' id='word_1_271' title='bbox 718 3049 768 3099; x_wconf 90' lang='lat' dir='ltr'><strong>His</strong></span> <span class='ocrx_word' id='word_1_272' title='bbox 789 3064 852 3113; x_wconf 84' lang='lat' dir='ltr'><strong>ergo</strong></span> <span class='ocrx_word' id='word_1_273' title='bbox 873 3064 919 3098; x_wconf 85' lang='lat' dir='ltr'><strong>rex</strong></span> <span class='ocrx_word' id='word_1_274' title='bbox 938 3051 964 3099; x_wconf 90' lang='lat' dir='ltr'><strong>in</strong></span> <span class='ocrx_word' id='word_1_275' title='bbox 986 3049 1090 3100; x_wconf 81' lang='lat' dir='ltr'><strong>Celtica</strong></span> <span class='ocrx_word' id='word_1_276' title='bbox 1116 3055 1261 3116; x_wconf 88' lang='lat' dir='ltr'><strong>permotus,</strong></span> <span class='ocrx_word' id='word_1_277' title='bbox 1286 3050 1411 3115; x_wconf 80' lang='lat' dir='ltr'><strong>Belgicam</strong></span> 
     </span>
     <span class='ocr_line' id='line_1_32' title="bbox 430 3109 1460 3189; baseline 0 -21"><span class='ocrx_word' id='word_1_278' title='bbox 430 3121 542 3186; x_wconf 90' lang='lat' dir='ltr'><strong>impetit.</strong></span> <span class='ocrx_word' id='word_1_279' title='bbox 580 3123 615 3172; x_wconf 83' lang='lat' dir='ltr'><strong>At</strong></span> <span class='ocrx_word' id='word_1_280' title='bbox 635 3121 800 3174; x_wconf 86' lang='lat' dir='ltr'><strong>Gislebertus</strong></span> <span class='ocrx_word' id='word_1_281' title='bbox 819 3128 911 3188; x_wconf 89' lang='lat' dir='ltr'><strong>utpote</strong></span> <span class='ocrx_word' id='word_1_282' title='bbox 932 3124 977 3188; x_wconf 90' lang='lat' dir='ltr'><strong>qui</strong></span> <span class='ocrx_word' id='word_1_283' title='bbox 997 3119 1076 3172; x_wconf 89' lang='lat' dir='ltr'><strong>fidem</strong></span> <span class='ocrx_word' id='word_1_284' title='bbox 1096 3124 1249 3189; x_wconf 87' lang='lat' dir='ltr'><strong>abruperat,</strong></span> <span class='ocrx_word' id='word_1_285' title='bbox 1276 3123 1310 3173; x_wconf 86' lang='lat' dir='ltr'><strong>ad</strong></span> <span class='ocrx_word' id='word_1_286' title='bbox 1334 3133 1411 3186; x_wconf 86' lang='lat' dir='ltr'><strong>ragam</strong></span> <span class='ocrx_word' id='word_1_287' title='bbox 1456 3109 1460 3148; x_wconf 55' lang='lat' dir='ltr'><strong>l</strong></span> 
     </span>
     <span class='ocr_line' id='line_1_33' title="bbox 430 3193 1458 3262; baseline 0.003 -21"><span class='ocrx_word' id='word_1_288' title='bbox 430 3208 484 3243; x_wconf 91' lang='lat' dir='ltr'><strong>non</strong></span> <span class='ocrx_word' id='word_1_289' title='bbox 510 3193 594 3244; x_wconf 89' lang='lat' dir='ltr'><strong>solum</strong></span> <span class='ocrx_word' id='word_1_290' title='bbox 620 3196 710 3245; x_wconf 83' lang='lat' dir='ltr'><strong>venire</strong></span> <span class='ocrx_word' id='word_1_291' title='bbox 737 3196 912 3260; x_wconf 89' lang='lat' dir='ltr'><strong>contempsit,</strong></span> <span class='ocrx_word' id='word_1_292' title='bbox 939 3211 1030 3246; x_wconf 89' lang='lat' dir='ltr'><strong>verum</strong></span> <span class='ocrx_word' id='word_1_293' title='bbox 1056 3198 1177 3262; x_wconf 90' lang='lat' dir='ltr'><strong>pecuniis</strong></span> <span class='ocrx_word' id='word_1_294' title='bbox 1203 3232 1321 3248; x_wconf 91' lang='grc'><strong>.......</strong></span> <span class='ocrx_word' id='word_1_295' title='bbox 1344 3200 1411 3258; x_wconf 79' lang='lat' dir='ltr'><strong>atque</strong></span> <span class='ocrx_word' id='word_1_296' title='bbox 1457 3252 1458 3256; x_wconf 10' lang='grc' dir='ltr'><strong>Ἰ</strong></span> 
     </span>
     <span class='ocr_line' id='line_1_34' title="bbox 429 3261 1460 3335; baseline -0.003 -19"><span class='ocrx_word' id='word_1_297' title='bbox 429 3282 516 3317; x_wconf 91' lang='lat' dir='ltr'><strong>rerum</strong></span> <span class='ocrx_word' id='word_1_298' title='bbox 536 3267 772 3335; x_wconf 89' lang='lat' dir='ltr'><strong>pollicitationibus</strong></span> <span class='ocrx_word' id='word_1_299' title='bbox 792 3268 826 3319; x_wconf 89' lang='lat' dir='ltr'><strong>ab</strong></span> <span class='ocrx_word' id='word_1_300' title='bbox 846 3284 910 3333; x_wconf 87' lang='lat' dir='ltr'><strong>rege</strong></span> <span class='ocrx_word' id='word_1_301' title='bbox 927 3284 1108 3334; x_wconf 86' lang='lat' dir='ltr'><strong>quoscumque</strong></span> <span class='ocrx_word' id='word_1_302' title='bbox 1121 3275 1226 3335; x_wconf 88' lang='lat' dir='ltr'><strong>poterat</strong></span> <span class='ocrx_word' id='word_1_303' title='bbox 1244 3267 1411 3320; x_wconf 86' lang='lat' dir='ltr'><strong>subtrahebat</strong></span> <span class='ocrx_word' id='word_1_304' title='bbox 1457 3261 1460 3268; x_wconf 73' lang='grc'>”</span> 
     </span>
     <span class='ocr_line' id='line_1_35' title="bbox 430 3341 1412 3409; baseline -0.002 -19"><span class='ocrx_word' id='word_1_305' title='bbox 430 3341 465 3391; x_wconf 86' lang='lat' dir='ltr'><strong>Et</strong></span> <span class='ocrx_word' id='word_1_306' title='bbox 483 3357 530 3391; x_wconf 83' lang='lat' dir='ltr'><strong>rex</strong></span> <span class='ocrx_word' id='word_1_307' title='bbox 549 3341 656 3408; x_wconf 89' lang='lat' dir='ltr'><strong>quidem</strong></span> <span class='ocrx_word' id='word_1_308' title='bbox 684 3358 744 3392; x_wconf 88' lang='lat' dir='ltr'><strong>cum</strong></span> <span class='ocrx_word' id='word_1_309' title='bbox 768 3343 901 3408; x_wconf 86' lang='lat' dir='ltr'><strong>patienter</strong></span> <span class='ocrx_word' id='word_1_310' title='bbox 926 3343 994 3392; x_wconf 87' lang='lat' dir='ltr'><strong>haec</strong></span> <span class='ocrx_word' id='word_1_311' title='bbox 1019 3341 1053 3391; x_wconf 87' lang='lat' dir='ltr'><strong>ad</strong></span> <span class='ocrx_word' id='word_1_312' title='bbox 1079 3349 1183 3409; x_wconf 87' lang='lat' dir='ltr'><strong>tempus</strong></span> <span class='ocrx_word' id='word_1_313' title='bbox 1209 3341 1347 3393; x_wconf 88' lang='lat' dir='ltr'><strong>toleranda</strong></span> <span class='ocrx_word' id='word_1_314' title='bbox 1370 3352 1412 3388; x_wconf 85' lang='lat' dir='ltr'><strong>non</strong></span> 
     </span>
     <span class='ocr_line' id='line_1_36' title="bbox 429 3413 1459 3482; baseline -0.002 -18"><span class='ocrx_word' id='word_1_315' title='bbox 429 3416 572 3479; x_wconf 88' lang='lat' dir='ltr'><strong>ignoraret,</strong></span> <span class='ocrx_word' id='word_1_316' title='bbox 598 3416 712 3482; x_wconf 81' lang='lat' dir='ltr'><strong>Tungris</strong></span> <span class='ocrx_word' id='word_1_317' title='bbox 739 3431 798 3466; x_wconf 85' lang='lat' dir='ltr'><strong>curn</strong></span> <span class='ocrx_word' id='word_1_318' title='bbox 824 3416 857 3466; x_wconf 93' lang='lat' dir='ltr'><strong>iis</strong></span> <span class='ocrx_word' id='word_1_319' title='bbox 884 3416 929 3479; x_wconf 91' lang='lat' dir='ltr'><strong>qui</strong></span> <span class='ocrx_word' id='word_1_320' title='bbox 955 3431 1045 3466; x_wconf 89' lang='lat' dir='ltr'><strong>secum</strong></span> <span class='ocrx_word' id='word_1_321' title='bbox 1073 3431 1106 3466; x_wconf 83' lang='lat' dir='ltr'><strong>ex</strong></span> <span class='ocrx_word' id='word_1_322' title='bbox 1132 3415 1237 3466; x_wconf 82' lang='lat' dir='ltr'><strong>Celtica</strong></span> <span class='ocrx_word' id='word_1_323' title='bbox 1263 3413 1412 3467; x_wconf 80' lang='lat' dir='ltr'><strong>advenerant</strong></span> <span class='ocrx_word' id='word_1_324' title='bbox 1458 3427 1459 3432; x_wconf 53' lang='lat'>¹</span> 
     </span>
     <span class='ocr_line' id='line_1_37' title="bbox 429 3487 1458 3556; baseline -0.001 -18"><span class='ocrx_word' id='word_1_325' title='bbox 429 3487 531 3553; x_wconf 89' lang='lat' dir='ltr'><strong>absque</strong></span> <span class='ocrx_word' id='word_1_326' title='bbox 558 3489 672 3540; x_wconf 90' lang='lat' dir='ltr'><strong>tumultu</strong></span> <span class='ocrx_word' id='word_1_327' title='bbox 697 3488 847 3551; x_wconf 81' lang='lat' dir='ltr'><strong>residebat3</strong></span> <span class='ocrx_word' id='word_1_328' title='bbox 879 3488 966 3539; x_wconf 89' lang='lat' dir='ltr'><strong>levius</strong></span> <span class='ocrx_word' id='word_1_329' title='bbox 991 3487 1049 3538; x_wconf 89' lang='lat' dir='ltr'><strong>fieri</strong></span> <span class='ocrx_word' id='word_1_330' title='bbox 1075 3504 1196 3540; x_wconf 83' lang='lat' dir='ltr'><strong>asserens</strong></span> <span class='ocrx_word' id='word_1_331' title='bbox 1223 3488 1350 3556; x_wconf 88' lang='lat' dir='ltr'><strong>quicquid</strong></span> <span class='ocrx_word' id='word_1_332' title='bbox 1374 3497 1412 3551; x_wconf 78' lang='lat' dir='ltr'><strong>per</strong></span> <span class='ocrx_word' id='word_1_333' title='bbox 1457 3550 1458 3556; x_wconf 14' lang='grc'>1</span> 
     </span>
     <span class='ocr_line' id='line_1_38' title="bbox 428 3561 1412 3628; baseline -0.004 -18"><span class='ocrx_word' id='word_1_334' title='bbox 428 3563 590 3626; x_wconf 86' lang='lat' dir='ltr'><strong>pacientiam</strong></span> <span class='ocrx_word' id='word_1_335' title='bbox 619 3562 760 3614; x_wconf 86' lang='lat' dir='ltr'><strong>toleratur:</strong></span> <span class='ocrx_word' id='word_1_336' title='bbox 794 3562 865 3612; x_wconf 71' lang='grc' dir='ltr'><strong>ΕΗ</strong></span> <span class='ocrx_word' id='word_1_337' title='bbox 878 3596 983 3612; x_wconf 90' lang='grc'><strong>.....</strong></span> <span class='ocrx_word' id='word_1_338' title='bbox 1006 3561 1125 3612; x_wconf 89' lang='lat' dir='ltr'><strong>Medium</strong></span> <span class='ocrx_word' id='word_1_339' title='bbox 1152 3578 1257 3628; x_wconf 90' lang='lat' dir='ltr'><strong>quoque</strong></span> <span class='ocrx_word' id='word_1_340' title='bbox 1283 3577 1340 3614; x_wconf 86' lang='lat' dir='ltr'><strong>sese</strong></span> <span class='ocrx_word' id='word_1_341' title='bbox 1365 3571 1412 3609; x_wconf 85' lang='lat' dir='ltr'><strong>esse</strong></span> 
     </span>
     <span class='ocr_line' id='line_1_39' title="bbox 430 3631 1459 3700; baseline 0 -18"><span class='ocrx_word' id='word_1_342' title='bbox 430 3634 544 3683; x_wconf 90' lang='lat' dir='ltr'><strong>hostium</strong></span> <span class='ocrx_word' id='word_1_343' title='bbox 558 3650 763 3700; x_wconf 87' lang='lat' dir='ltr'><strong>recognoscens,</strong></span> <span class='ocrx_word' id='word_1_344' title='bbox 777 3650 836 3685; x_wconf 90' lang='lat' dir='ltr'><strong>cum</strong></span> <span class='ocrx_word' id='word_1_345' title='bbox 851 3650 867 3683; x_wconf 89' lang='lat' dir='ltr'><strong>a</strong></span> <span class='ocrx_word' id='word_1_346' title='bbox 881 3631 951 3700; x_wconf 70' lang='grc' dir='ltr'><em>(Ροει</em></span> <span class='ocrx_word' id='word_1_347' title='bbox 965 3633 1041 3699; x_wconf 86' lang='lat' dir='ltr'><strong>add.)</strong></span> <span class='ocrx_word' id='word_1_348' title='bbox 1056 3636 1182 3686; x_wconf 81' lang='lat' dir='ltr'><strong>lictberto</strong></span> <span class='ocrx_word' id='word_1_349' title='bbox 1196 3635 1258 3684; x_wconf 89' lang='lat' dir='ltr'><strong>hinc</strong></span> <span class='ocrx_word' id='word_1_350' title='bbox 1271 3637 1300 3686; x_wconf 91' lang='lat' dir='ltr'><strong>in</strong></span> <span class='ocrx_word' id='word_1_351' title='bbox 1314 3633 1411 3694; x_wconf 81' lang='lat' dir='ltr'><strong>Celtica,</strong></span> <span class='ocrx_word' id='word_1_352' title='bbox 1458 3633 1459 3682; x_wconf 69' lang='grc' dir='ltr'>ἶ</span> 
     </span>
     <span class='ocr_line' id='line_1_40' title="bbox 432 3705 1459 3780; baseline -0.003 -26"><span class='ocrx_word' id='word_1_353' title='bbox 432 3705 465 3755; x_wconf 90' lang='lat' dir='ltr'><strong>ab</strong></span> <span class='ocrx_word' id='word_1_354' title='bbox 488 3706 637 3758; x_wconf 81' lang='lat' dir='ltr'><strong>Gislebsrto</strong></span> <span class='ocrx_word' id='word_1_355' title='bbox 663 3724 726 3758; x_wconf 88' lang='lat' dir='ltr'><strong>vero</strong></span> <span class='ocrx_word' id='word_1_356' title='bbox 751 3708 814 3760; x_wconf 89' lang='lat' dir='ltr'><strong>inde</strong></span> <span class='ocrx_word' id='word_1_357' title='bbox 841 3709 868 3756; x_wconf 94' lang='lat' dir='ltr'><strong>in</strong></span> <span class='ocrx_word' id='word_1_358' title='bbox 894 3707 1007 3774; x_wconf 81' lang='lat' dir='ltr'><strong>Belgica</strong></span> <span class='ocrx_word' id='word_1_359' title='bbox 1035 3714 1182 3773; x_wconf 88' lang='lat' dir='ltr'><strong>urgeretur.</strong></span> <span class='ocrx_word' id='word_1_360' title='bbox 1220 3709 1256 3759; x_wconf 87' lang='lat' dir='ltr'><strong>Et</strong></span> <span class='ocrx_word' id='word_1_361' title='bbox 1284 3708 1412 3759; x_wconf 89' lang='lat' dir='ltr'><strong>Rotbertus</strong></span> <span class='ocrx_word' id='word_1_362' title='bbox 1455 3721 1459 3780; x_wconf 61' lang='lat' dir='ltr'><strong>p</strong></span> 
     </span>
     <span class='ocr_line' id='line_1_41' title="bbox 433 3779 1412 3848; baseline -0.006 -19"><span class='ocrx_word' id='word_1_363' title='bbox 433 3780 539 3844; x_wconf 89' lang='lat' dir='ltr'><strong>quidem</strong></span> <span class='ocrx_word' id='word_1_364' title='bbox 562 3781 595 3830; x_wconf 89' lang='lat' dir='ltr'><strong>de</strong></span> <span class='ocrx_word' id='word_1_365' title='bbox 614 3781 686 3846; x_wconf 88' lang='lat' dir='ltr'><strong>regis</strong></span> <span class='ocrx_word' id='word_1_366' title='bbox 705 3782 856 3833; x_wconf 88' lang='lat' dir='ltr'><strong>abiectione</strong></span> <span class='ocrx_word' id='word_1_367' title='bbox 875 3782 969 3846; x_wconf 88' lang='lat' dir='ltr'><strong>suique</strong></span> <span class='ocrx_word' id='word_1_368' title='bbox 996 3785 1163 3848; x_wconf 87' lang='lat' dir='ltr'><strong>promotione</strong></span> <span class='ocrx_word' id='word_1_369' title='bbox 1185 3781 1253 3832; x_wconf 88' lang='lat' dir='ltr'><strong>adeo</strong></span> <span class='ocrx_word' id='word_1_370' title='bbox 1278 3779 1412 3832; x_wconf 87' lang='lat' dir='ltr'><strong>laborabat,</strong></span> 
     </span>
     <span class='ocr_line' id='line_1_42' title="bbox 431 3843 1460 3922; baseline -0.001 -21"><span class='ocrx_word' id='word_1_371' title='bbox 431 3852 512 3918; x_wconf 89' lang='lat' dir='ltr'><strong>idque</strong></span> <span class='ocrx_word' id='word_1_372' title='bbox 533 3853 604 3919; x_wconf 89' lang='lat' dir='ltr'><strong>apud</strong></span> <span class='ocrx_word' id='word_1_373' title='bbox 623 3855 758 3922; x_wconf 89' lang='lat' dir='ltr'><strong>principes</strong></span> <span class='ocrx_word' id='word_1_374' title='bbox 778 3855 817 3907; x_wconf 88' lang='lat' dir='ltr'><strong>sio</strong></span> <span class='ocrx_word' id='word_1_375' title='bbox 837 3853 960 3913; x_wconf 88' lang='lat' dir='ltr'><strong>obtinuit,</strong></span> <span class='ocrx_word' id='word_1_376' title='bbox 980 3862 1009 3905; x_wconf 90' lang='lat' dir='ltr'><strong>ut</strong></span> <span class='ocrx_word' id='word_1_377' title='bbox 1029 3861 1121 3906; x_wconf 89' lang='lat' dir='ltr'><strong>contra</strong></span> <span class='ocrx_word' id='word_1_378' title='bbox 1140 3870 1231 3920; x_wconf 84' lang='lat' dir='ltr'><strong>regern</strong></span> <span class='ocrx_word' id='word_1_379' title='bbox 1253 3869 1312 3905; x_wconf 89' lang='lat' dir='ltr'><strong>eum</strong></span> <span class='ocrx_word' id='word_1_380' title='bbox 1326 3869 1355 3904; x_wconf 89' lang='lat' dir='ltr'><strong>ao</strong></span> <span class='ocrx_word' id='word_1_381' title='bbox 1367 3851 1412 3900; x_wconf 85' lang='lat' dir='ltr'><strong>fere</strong></span> <span class='ocrx_word' id='word_1_382' title='bbox 1459 3843 1460 3900; x_wconf 68' lang='lat' dir='ltr'><strong>l</strong></span> 
     </span>
     <span class='ocr_line' id='line_1_43' title="bbox 432 3909 1460 3993; baseline -0.003 -17"><span class='ocrx_word' id='word_1_383' title='bbox 432 3926 502 3993; x_wconf 50' lang='lat' dir='ltr'><strong>ficosi</strong></span> <span class='ocrx_word' id='word_1_384' title='bbox 522 3926 598 3990; x_wconf 83' lang='lat' dir='ltr'><strong>odd.)</strong></span> <span class='ocrx_word' id='word_1_385' title='bbox 620 3943 711 3980; x_wconf 88' lang='lat' dir='ltr'><strong>omnes</strong></span> <span class='ocrx_word' id='word_1_386' title='bbox 732 3925 914 3980; x_wconf 87' lang='lat' dir='ltr'><strong>crudelissime</strong></span> <span class='ocrx_word' id='word_1_387' title='bbox 935 3929 1132 3981; x_wconf 83' lang='lat' dir='ltr'><strong>coniurarent².</strong></span> <span class='ocrx_word' id='word_1_388' title='bbox 1153 3927 1218 3979; x_wconf 82' lang='lat' dir='ltr'><strong>adei.</strong></span> <span class='ocrx_word' id='word_1_389' title='bbox 1241 3929 1265 3992; x_wconf 90' lang='lat'><strong>1,</strong></span> <span class='ocrx_word' id='word_1_390' title='bbox 1284 3927 1333 3978; x_wconf 84' lang='lat' dir='ltr'><strong>dcl.</strong></span> <span class='ocrx_word' id='word_1_391' title='bbox 1353 3925 1375 3974; x_wconf 76' lang='grc'><strong>2.</strong></span> <span class='ocrx_word' id='word_1_392' title='bbox 1457 3909 1460 3984; x_wconf 76' lang='lat' dir='ltr'><strong>l</strong></span> 
     </span>
    </p>
   </div>
   <div class='ocr_carea' id='block_1_4' title="bbox 312 4029 1460 4270">
    <p class='ocr_par' dir='ltr' id='par_1_7' title="bbox 312 3987 1460 4270">
     <span class='ocr_line' id='line_1_44' title="bbox 373 4029 1413 4089; baseline -0.001 -12"><span class='ocrx_word' id='word_1_393' title='bbox 373 4035 395 4089; x_wconf 92' lang='lat' dir='ltr'><strong>a)</strong></span> <span class='ocrx_word' id='word_1_394' title='bbox 408 4041 458 4088; x_wconf 78' lang='lat' dir='ltr'><strong>post</strong></span> <span class='ocrx_word' id='word_1_395' title='bbox 474 4037 524 4078; x_wconf 81' lang='lat' dir='ltr'><strong>add.</strong></span> <span class='ocrx_word' id='word_1_396' title='bbox 585 4035 610 4086; x_wconf 91' lang='lat' dir='ltr'><strong>b)</strong></span> <span class='ocrx_word' id='word_1_397' title='bbox 628 4037 714 4078; x_wconf 89' lang='lat' dir='ltr'><strong>abnuat</strong></span> <span class='ocrx_word' id='word_1_398' title='bbox 731 4040 754 4088; x_wconf 80' lang='lat'><strong>¹3</strong></span> <span class='ocrx_word' id='word_1_399' title='bbox 780 4039 1026 4088; x_wconf 74' lang='lat' dir='ltr'><strong>....veretinmarp.</strong></span> <span class='ocrx_word' id='word_1_400' title='bbox 1043 4038 1092 4079; x_wconf 76' lang='lat' dir='ltr'><strong>add.</strong></span> <span class='ocrx_word' id='word_1_401' title='bbox 1162 4035 1182 4088; x_wconf 88' lang='lat' dir='ltr'><strong>o)</strong></span> <span class='ocrx_word' id='word_1_402' title='bbox 1199 4048 1242 4078; x_wconf 88' lang='lat' dir='ltr'><strong>nec</strong></span> <span class='ocrx_word' id='word_1_403' title='bbox 1259 4048 1277 4077; x_wconf 88' lang='lat' dir='ltr'><strong>r.</strong></span> <span class='ocrx_word' id='word_1_404' title='bbox 1294 4029 1413 4085; x_wconf 56' lang='lat' dir='ltr'><strong>appia</strong></span> 
     </span>
     <span class='ocr_line' id='line_1_45' title="bbox 313 4089 1460 4148; baseline -0.003 -12"><span class='ocrx_word' id='word_1_405' title='bbox 313 4108 382 4148; x_wconf 74' lang='lat' dir='ltr'><strong>marg.</strong></span> <span class='ocrx_word' id='word_1_406' title='bbox 400 4098 427 4146; x_wconf 75' lang='lat'><strong>23</strong></span> <span class='ocrx_word' id='word_1_407' title='bbox 451 4106 488 4148; x_wconf 84' lang='lat' dir='ltr'><strong>ne,</strong></span> <span class='ocrx_word' id='word_1_408' title='bbox 505 4096 548 4148; x_wconf 90' lang='lat' dir='ltr'><strong>sib,</strong></span> <span class='ocrx_word' id='word_1_409' title='bbox 564 4107 578 4146; x_wconf 88' lang='lat' dir='ltr'><strong>p</strong></span> <span class='ocrx_word' id='word_1_410' title='bbox 595 4096 650 4136; x_wconf 82' lang='lat' dir='ltr'><strong>abac.</strong></span> <span class='ocrx_word' id='word_1_411' title='bbox 733 4095 756 4147; x_wconf 84' lang='lat' dir='ltr'><strong>d)</strong></span> <span class='ocrx_word' id='word_1_412' title='bbox 773 4101 841 4147; x_wconf 85' lang='lat' dir='ltr'><strong>atquc</strong></span> <span class='ocrx_word' id='word_1_413' title='bbox 857 4096 882 4135; x_wconf 87' lang='lat' dir='ltr'><strong>in</strong></span> <span class='ocrx_word' id='word_1_414' title='bbox 897 4099 925 4138; x_wconf 87' lang='lat' dir='ltr'><strong>N.</strong></span> <span class='ocrx_word' id='word_1_415' title='bbox 942 4101 970 4138; x_wconf 87' lang='lat' dir='ltr'><strong>tr.</strong></span> <span class='ocrx_word' id='word_1_416' title='bbox 989 4099 1008 4148; x_wconf 93' lang='lat'><strong>1,</strong></span> <span class='ocrx_word' id='word_1_417' title='bbox 1031 4108 1088 4139; x_wconf 83' lang='lat' dir='ltr'><strong>corr.</strong></span> <span class='ocrx_word' id='word_1_418' title='bbox 1106 4097 1126 4136; x_wconf 76' lang='lat'><strong>2.</strong></span> <span class='ocrx_word' id='word_1_419' title='bbox 1195 4094 1216 4146; x_wconf 85' lang='lat' dir='ltr'><strong>a)</strong></span> <span class='ocrx_word' id='word_1_420' title='bbox 1234 4097 1263 4136; x_wconf 79' lang='lat' dir='ltr'><strong>nt</strong></span> <span class='ocrx_word' id='word_1_421' title='bbox 1278 4099 1293 4137; x_wconf 90' lang='lat' dir='ltr'><strong>t.</strong></span> <span class='ocrx_word' id='word_1_422' title='bbox 1310 4104 1360 4134; x_wconf 87' lang='lat' dir='ltr'><strong>mox</strong></span> <span class='ocrx_word' id='word_1_423' title='bbox 1374 4098 1413 4140; x_wconf 76' lang='lat' dir='ltr'><strong>ptr·</strong></span> <span class='ocrx_word' id='word_1_424' title='bbox 1459 4089 1460 4106; x_wconf 66' lang='lat'>¹</span> 
     </span>
     <span class='ocr_line' id='line_1_46' title="bbox 312 4147 1413 4207; baseline -0.007 -11"><span class='ocrx_word' id='word_1_425' title='bbox 312 4167 392 4196; x_wconf 89' lang='lat' dir='ltr'><strong>suasus</strong></span> <span class='ocrx_word' id='word_1_426' title='bbox 408 4160 425 4197; x_wconf 86' lang='lat' dir='ltr'><strong>t.</strong></span> <span class='ocrx_word' id='word_1_427' title='bbox 444 4157 464 4207; x_wconf 95' lang='lat' dir='ltr'><strong>l,</strong></span> <span class='ocrx_word' id='word_1_428' title='bbox 487 4167 544 4197; x_wconf 80' lang='lat' dir='ltr'><strong>corr.</strong></span> <span class='ocrx_word' id='word_1_429' title='bbox 562 4157 582 4197; x_wconf 77' lang='lat'><strong>2.</strong></span> <span class='ocrx_word' id='word_1_430' title='bbox 658 4153 721 4206; x_wconf 72' lang='lat' dir='ltr'><strong>sier</strong></span> <span class='ocrx_word' id='word_1_431' title='bbox 738 4157 757 4198; x_wconf 85' lang='lat'><strong>1.</strong></span> <span class='ocrx_word' id='word_1_432' title='bbox 832 4153 855 4205; x_wconf 75' lang='grc' dir='ltr'><strong>ε)</strong></span> <span class='ocrx_word' id='word_1_433' title='bbox 872 4157 1022 4197; x_wconf 79' lang='lat' dir='ltr'><strong>sacrementis</strong></span> <span class='ocrx_word' id='word_1_434' title='bbox 1040 4158 1060 4197; x_wconf 91' lang='lat'><strong>1.</strong></span> <span class='ocrx_word' id='word_1_435' title='bbox 1131 4152 1309 4206; x_wconf 78' lang='lat' dir='ltr'><strong>11)ntt.o.1,</strong></span> <span class='ocrx_word' id='word_1_436' title='bbox 1331 4147 1413 4191; x_wconf 68' lang='lat' dir='ltr'><strong>corat</strong></span> 
     </span>
     <span class='ocr_line' id='line_1_47' title="bbox 314 4207 1460 4270; baseline 0.001 -15"><span class='ocrx_word' id='word_1_437' title='bbox 314 4213 330 4266; x_wconf 87' lang='lat' dir='ltr'><strong>i)</strong></span> <span class='ocrx_word' id='word_1_438' title='bbox 347 4226 398 4256; x_wconf 88' lang='lat' dir='ltr'><strong>cum</strong></span> <span class='ocrx_word' id='word_1_439' title='bbox 416 4237 441 4246; x_wconf 95' lang='lat'>-</span> <span class='ocrx_word' id='word_1_440' title='bbox 460 4215 570 4256; x_wconf 86' lang='lat' dir='ltr'><strong>resideret</strong></span> <span class='ocrx_word' id='word_1_441' title='bbox 585 4215 609 4254; x_wconf 82' lang='lat' dir='ltr'><strong>in</strong></span> <span class='ocrx_word' id='word_1_442' title='bbox 624 4225 694 4264; x_wconf 58' lang='grc' dir='ltr'><strong>ωαψς.</strong></span> <span class='ocrx_word' id='word_1_443' title='bbox 754 4213 779 4268; x_wconf 86' lang='lat' dir='ltr'><strong>k)</strong></span> <span class='ocrx_word' id='word_1_444' title='bbox 797 4215 859 4270; x_wconf 82' lang='lat' dir='ltr'><strong>omni</strong></span> <span class='ocrx_word' id='word_1_445' title='bbox 875 4225 934 4266; x_wconf 86' lang='lat' dir='ltr'><strong>pane</strong></span> <span class='ocrx_word' id='word_1_446' title='bbox 952 4218 972 4256; x_wconf 89' lang='lat'><strong>1.</strong></span> <span class='ocrx_word' id='word_1_447' title='bbox 1459 4207 1460 4262; x_wconf 79' lang='lat' dir='ltr'><strong>l</strong></span> 
     </span>
    </p>
   </div>
   <div class='ocr_carea' id='block_1_5' title="bbox 313 4308 1412 4450">
    <p class='ocr_par' dir='ltr' id='par_1_8' title="bbox 313 4285 1460 4450">
     <span class='ocr_line' id='line_1_48' title="bbox 388 4308 1412 4376; baseline -0.007 -17"><span class='ocrx_word' id='word_1_448' title='bbox 388 4309 415 4376; x_wconf 86' lang='lat'><strong>1)</strong></span> <span class='ocrx_word' id='word_1_449' title='bbox 436 4311 513 4360; x_wconf 86' lang='lat' dir='ltr'><strong>Haec</strong></span> <span class='ocrx_word' id='word_1_450' title='bbox 532 4309 655 4362; x_wconf 87' lang='lat' dir='ltr'><strong>fabulosa</strong></span> <span class='ocrx_word' id='word_1_451' title='bbox 675 4326 741 4371; x_wconf 87' lang='lat' dir='ltr'><strong>esse,</strong></span> <span class='ocrx_word' id='word_1_452' title='bbox 763 4312 827 4362; x_wconf 89' lang='lat' dir='ltr'><strong>satis</strong></span> <span class='ocrx_word' id='word_1_453' title='bbox 849 4316 960 4364; x_wconf 85' lang='lat' dir='ltr'><strong>constat.</strong></span> <span class='ocrx_word' id='word_1_454' title='bbox 1038 4308 1066 4375; x_wconf 79' lang='lat'><strong>2)</strong></span> <span class='ocrx_word' id='word_1_455' title='bbox 1084 4310 1150 4362; x_wconf 78' lang='lat' dir='ltr'><strong>Cum</strong></span> <span class='ocrx_word' id='word_1_456' title='bbox 1166 4310 1207 4360; x_wconf 82' lang='lat' dir='ltr'><strong>his</strong></span> <span class='ocrx_word' id='word_1_457' title='bbox 1223 4309 1340 4361; x_wconf 85' lang='lat' dir='ltr'><strong>conferas</strong></span> <span class='ocrx_word' id='word_1_458' title='bbox 1353 4315 1412 4371; x_wconf 82' lang='lat' dir='ltr'><strong>quae</strong></span> 
     </span>
     <span class='ocr_line' id='line_1_49' title="bbox 313 4382 1277 4450; baseline 0.002 -17"><span class='ocrx_word' id='word_1_459' title='bbox 313 4397 393 4448; x_wconf 87' lang='lat' dir='ltr'><strong>supra</strong></span> <span class='ocrx_word' id='word_1_460' title='bbox 413 4399 435 4433; x_wconf 90' lang='lat' dir='ltr'><strong>c.</strong></span> <span class='ocrx_word' id='word_1_461' title='bbox 457 4383 500 4431; x_wconf 79' lang='lat'><strong>21.</strong></span> <span class='ocrx_word' id='word_1_462' title='bbox 521 4383 645 4450; x_wconf 84' lang='lat' dir='ltr'><strong>leguntur</strong></span> <span class='ocrx_word' id='word_1_463' title='bbox 665 4390 693 4435; x_wconf 89' lang='lat' dir='ltr'><strong>et</strong></span> <span class='ocrx_word' id='word_1_464' title='bbox 712 4399 780 4450; x_wconf 86' lang='lat' dir='ltr'><strong>qnae</strong></span> <span class='ocrx_word' id='word_1_465' title='bbox 801 4390 893 4434; x_wconf 84' lang='lat' dir='ltr'><strong>auctor</strong></span> <span class='ocrx_word' id='word_1_466' title='bbox 912 4384 953 4435; x_wconf 90' lang='lat' dir='ltr'><strong>his</strong></span> <span class='ocrx_word' id='word_1_467' title='bbox 973 4383 1142 4436; x_wconf 86' lang='lat' dir='ltr'><strong>substituisse</strong></span> <span class='ocrx_word' id='word_1_468' title='bbox 1163 4382 1277 4435; x_wconf 87' lang='lat' dir='ltr'><strong>videtur.</strong></span> 
     </span>
    </p>
   </div>
   <div class='ocr_carea' id='block_1_6' title="bbox 0 0 1483 5016">
    <p class='ocr_par' dir='ltr' id='par_1_9' title="bbox 0 0 1483 5016">
     <span class='ocr_line' id='line_1_50' title="bbox 0 0 1483 5016; baseline 0 0"><span class='ocrx_word' id='word_1_469' title='bbox 0 0 1483 5016; x_wconf 95' lang='lat' dir='ltr'><strong> </strong></span> 
     </span>
    </p>
   </div>
  </div>
 </body>
</html>
