2938 5016
291 356 443 408 RIOHERI
462 355 715 408 HISTORIARUM
734 357 846 408 LIBER
865 357 902 410 ΙΙ.
1115 358 1149 408 ti

48 525 177 589 Tandem
200 547 278 589 vero
302 523 402 589 multa
424 525 661 610 expugnatione
683 524 827 589 attritum
842 523 1019 610 ingreditur
1036 535 1207 590 totum-⁹³⁹.

48 632 97 756 qlue
116 609 273 709 pervadit.
303 606 565 706 Arnuliimilites
589 629 698 707 omnes
722 607 973 708 comprehendit.
1003 609 1149 692 Quorum

48 714 112 758 aios
133 692 242 780 gladro
265 701 384 775 enecat,
406 690 485 756 alios
507 713 601 756 uxori
616 703 763 780 nauaque
778 693 958 779 repetendis
974 704 1149 758 conservat.

138 853 188 916 15.
223 849 443 935 Congressus³
465 849 590 915 Erluini
613 862 707 916 cuina
733 849 886 918 militibus
908 849 1044 915 Amulii.

115 969 271 1036 Arnulfus
303 980 391 1036 tanta
423 993 553 1036 suorum
591 971 769 1037 calamitate
806 971 978 1054 confectus,
1014 970 1149 1036 militesb

47 1054 152 1141 colligit
181 1077 301 1143 eosque
329 1055 362 1118 in
388 1054 558 1119 Erluinum
588 1057 694 1138 mittit,
724 1056 779 1142 qui
807 1056 875 1120 eius
903 1067 1019 1120 terram
1048 1077 1149 1140 usque

47 1141 79 1204 ad
104 1140 260 1227 oppidum
294 1137 538 1226 depopulentur.
589 1139 795 1226 Directique,
829 1140 984 1205 incendiis
1017 1139 1149 1202 circum-

66 1247 159 1310 uaque
175 1247 213 1290 ac
229 1225 350 1323 rapinis
365 1223 539 1288 admodum
555 1223 732 1307 deseviunt,
753 1224 914 1311 multaque
928 1246 1035 1289 rerum
1051 1222 1150 1310 preda

46 1247 179 1390 bouem,
202 1309 407 1390 festinabant,
439 1329 512 1373 cum
540 1307 636 1394 legati
664 1309 705 1374 ab
734 1308 867 1373 Erluino
895 1309 1062 1389 affuerunt,
1093 1307 1148 1392 qui

48 1393 219 1476 indicarent,
251 1393 347 1480 quod,
379 1393 442 1456 nisi
469 1403 568 1458 totam
620 1393 729 1458 redam
757 1394 824 1456 sine
854 1415 944 1458 mora
971 1391 1150 1472 redderent,

49 1479 103 1542 sine
123 1501 212 1543 mora
235 1479 281 1542 eis
303 1499 373 1542 esse
395 1417 676 1562 congrediendum.
713 1477 831 1542 Hostes
853 1476 1045 1563 legationem
1064 1498 1150 1562 sper-

49 1573 152 1645 nentes,
175 1571 274 1649 capta
294 1562 454 1627 abducere
483 1560 713 1627 accelerabant.
763 1561 877 1646 Legati
904 1561 1050 1646 regressi,
1080 1581 1149 1624 sese

48 1646 172 1711 abiectos
193 1646 345 1711 referunt.
383 1644 553 1710 *Erluinus
576 1668 649 1710 cum
672 1645 912 1733 quadringentis
934 1655 1213 1710 armatorum0'f01·
1231 1657 1275 1700 1⁷¹·

49 1752 117 1793 mox
136 1731 290 1816 processit
310 1751 348 1794 ac
376 1729 599 1795 festinantibus
630 1731 822 1816 supervenit.
872 1729 923 1794 Illi
945 1751 1021 1795 vero
1072 1729 1149 1794 reda

48 1813 145 1878 relicta
165 1816 322 1896 conversi,
344 1814 538 1878 irruentibus
562 1815 781 1880 obvertuntur.
826 1815 933 1899 Signis
957 1836 997 1880 ue
1019 1753 1149 1896 collatis,

49 1899 148 1962 acriter
175 1900 365 1964 dimicatum
395 1908 451 1962 est.
500 1898 663 1970 Predones
689 1900 754 1964 fere
784 1921 893 1963 omnes
921 1836 1028 1984 gladio
1056 1919 1148 1962 occu-

49 1979 149 2065 buere,
185 1993 294 2069 preter
326 1982 383 2046 hos
413 2005 493 2069 quos
520 1983 598 2068 fuga
627 1982 701 2048 belli
729 1982 898 2048 violentiae
927 1984 1054 2048 exemit.
1104 1983 1149 2046 Et

50 2073 141 2131 tamen
161 2069 194 2150 ii,
218 2090 293 2132 curn
315 2067 391 2152 fuga
413 2089 467 2132 eos
490 2069 677 2152 exagitaret,
706 2069 747 2134 ab
769 2067 902 2132 Erluino
932 2069 1028 2154 posti
1049 2068 1148 2131 insec-

50 2159 121 2216 tante
142 2152 291 2216 atrociter
312 2150 374 2215 fusi
396 2161 478 2216 sunt.
528 2150 681 2216 Erluinus
710 2151 816 2244 predis
844 2155 982 2238 receptis
1010 2173 1082 2216 cum
1104 2151 1149 2212 in-

51 2235 182 2318 gentibus
205 2237 346 2300 hostium
368 2235 528 2300 manubiis
550 2235 592 2299 ad
615 2257 671 2300 sua
691 2235 825 2302 feliciter
845 2235 1008 2300 remeavit.

113 2397 159 2460 16.
193 2393 416 2479 Belgicorum⁰
439 2393 658 2539 quenlimoniae
680 2391 721 2456 ad
742 2393 871 2478 regernr
891 2412 987 2476 super
1008 2391 1076 2454 eius

528 2478 644 2542 evitate
653 2489 674 2540 ⁰.

122 2600 192 2680 Quo
208 2611 351 2684 tempore
362 2595 566 2682 Belgicorum
579 2597 742 2696 principes
758 2595 799 2660 ad
814 2617 923 2680 regem
938 2597 1147 2662 conveniunt¹

52 2701 80 2743 ac
103 2681 248 2748 Lauduni
278 2682 365 2768 apud
396 2704 467 2747 eum
496 2683 685 2767 grauissime
714 2691 965 2767 conqueruntur,
996 2703 1033 2746 eo
1061 2680 1148 2768 quod

52 2764 231 2832 inconsultus
261 2767 367 2830 omnia
395 2775 535 2852 appetat.
581 2764 616 2830 Si
642 2787 750 2830 eorum
783 2787 910 2852 quoque
933 2765 1073 2830 consiliis
1095 2765 1148 2829 ad-

53 2851 190 2934 quiescat,
212 2853 245 2914 in
267 2851 387 2915 bonum
409 2852 531 2914 exitum
559 2871 610 2914 res
640 2871 714 2914 suas
744 2849 933 2915 deventuras
955 2860 1147 2932 memorant,

52 2932 84 2994 ad
110 2935 168 3000 hoc
198 2935 295 3000 etiam
317 2956 386 2999 sese
409 2935 610 3017 convenisse,
640 2944 676 2999 ut
703 2933 781 3082 puisi
814 2932 890 2998 velit
919 2935 965 2998 eis
993 2935 1148 3020 iniungat,

53 3018 124 3113 quod
152 3020 243 3106 cupit
269 3020 301 3082 in
325 3029 408 3102 erat3
453 3020 479 3082 si
505 3016 598 3100 velit,
628 3039 704 3082 cons
729 3019 759 3082 io
787 3027 818 3083 et
839 3020 951 3101 armis,
977 3027 1063 3084 terra
1084 3040 1150 3081 ma·

52 3120 127 3186 nque
162 3114 273 3168 contra
302 3041 415 3168 lrostes
447 3125 516 3168 sese
549 3123 782 3201 congressuros.
836 3103 907 3167 Rex
936 3104 978 3168 ab
1011 3105 1057 3168 eis
1086 3102 1149 3167 fide

53 3205 128 3252 susce
152 3198 193 3270 ta,
216 3209 290 3252 cum
312 3187 412 3252 multa
433 3185 648 3252 benivolentia
669 3186 773 3252 redire
795 3187 949 3273 permisit,
973 3189 999 3251 si
1022 3187 1150 3252 fortuna

72 3210 229 3359 nandoque
276 3269 399 3352 ostulet,
429 3271 533 3337 redire
559 3271 683 3336 iubens.
725 3271 794 3334 Nec
821 3269 921 3334 multo
949 3279 1023 3357 post
1050 3281 1082 3334 et
1108 3271 1149 3334 ab

90 3353 223 3420 delstanc
246 3295 426 3440 lngiorem
441 3378 515 3442 rege
532 3354 641 3420 classis
663 3357 732 3440 regi
751 3375 823 3418 cum
838 3354 939 3439 copiis
960 3355 1057 3417 missa
1072 3361 1148 3417 est².

53 3435 192 3505 Audierat
213 3441 309 3522 enim,
342 3439 430 3504 illum
452 3441 492 3506 ab
515 3440 577 3504 iise
599 3441 669 3538 qui.
683 3438 842 3502 maritima
870 3437 1052 3502 incolebant
1078 3436 1150 3501 loca

54 3525 203 3608 exagitari,
226 3535 338 3590 contra
356 3545 436 3610 quos
458 3523 568 3588 classis
591 3521 757 3589 dimicaret
777 3522 909 3670 regiipue
931 3522 1040 3608 nepoti
1061 3523 1150 3586 auxi-

53 3600 118 3670 lium
137 3607 239 3674 ferret.
284 3607 455 3695 Comperto
477 3630 564 3690 vero,
587 3618 698 3673 contra
714 3629 822 3693 regem
844 3606 969 3671 ilorunr
991 3607 1150 3672 neminem

54 3696 133 3772 stare,
154 3693 324 3779 ipsumque
345 3715 453 3779 regem
469 3693 502 3756 in
517 3701 623 3778 partes
639 3691 830 3758 Germaniae
845 3713 1033 3778 prosperum
1050 3713 1150 3757 seces-

54 3772 129 3856 sisse,
157 3781 237 3841 mari
258 3799 404 3844 remenso
426 3777 468 3842 ad
488 3778 620 3864 propria
641 3785 770 3842 remeat.

104 3973 123 4024 a)
140 3987 183 4028 sus,
198 3989 236 4018 um
252 3978 308 4020 abac.
383 3976 407 4030 b)
424 3979 523 4020 miiitum
540 3977 655 4020 cohortem
678 3978 697 4017 1.
774 3974 794 4027 c)
810 3977 921 4016 militibus
939 3978 959 4019 1.
1020 3975 1042 4028 d)
1058 3976 1073 4017 t.
1089 3987 1112 4024 p.
1129 3976 1150 4015 1.

55 4027 281 4088 eliberabatur.
341 4035 428 4089 neum
445 4041 465 4078 1.
527 4035 550 4088 3)
567 4037 602 4076 bis
619 4037 639 4078 1.

118 4165 144 4232 1)
162 4169 237 4222 Fiod.
257 4187 281 4222 a.
303 4170 365 4222 939.
386 4169 419 4221 ds
439 4167 659 4221 Lotheriensibus
677 4167 771 4231 refert,
798 4168 844 4233 qui
869 4181 897 4218 sc
923 4165 1064 4217 Ludovico
1092 4166 1149 4230 regi

57 4242 248 4295 committebant.
325 4241 353 4310 2)
373 4243 451 4295 Flod.
471 4243 537 4294 ibid.
913 4256 916 4262 ’
