2936 5010
282 380 435 436 RIGHIIRI
451 381 704 436 HISTORIARUM
722 383 834 434 LIBER
852 383 904 438 III.
1098 386 1149 437 12⁷

54 571 121 612 num
142 570 213 612 cum
235 549 377 614 exercitu
402 548 498 614 rediit
523 548 632 635 ibique
658 549 857 649 procinctum
884 549 986 617 solvit.
1028 549 1150 618 Urbem

10 646 15 719 q
54 632 221 697 Virdunum
249 655 350 719 usque
377 635 411 697 in
433 631 517 697 diem
539 633 623 698 vitae
645 655 712 698 erus
734 655 917 719 supremum
945 634 1065 721 absque
1086 635 1151 700 ulla

10 719 15 798 't
53 716 249 802 refragatione
271 717 417 782 obtinuit.
450 716 650 802 Disponebat
667 727 820 804 preterea,
844 718 1003 805 quomodo
1019 718 1150 784 ulterius

54 801 242 885 procedendo
264 823 399 886 regnum
421 820 513 864 suum
529 799 683 884 dilataret,
707 821 779 864 cum
800 824 850 866 res
872 824 949 866 suae
964 823 1150 867 successum

10 933 12 966 ;
54 885 196 969 optimum
216 884 370 950 haberent
389 886 544 970 regnique
564 884 691 950 fortuna
708 895 786 972 pera
808 897 918 972 captos
943 886 1095 972 primates
1115 887 1151 951 id

53 968 255 1052 persuaderet.
309 968 373 1034 Sed
400 969 562 1033 Divinitas
590 991 641 1033 res
669 969 847 1033 mundanas
877 969 1088 1036 determinans
1118 979 1150 1035 et

53 1051 147 1138 Belgis
167 1053 311 1138 requiem
333 1062 365 1118 et
385 1051 460 1116 huic
480 1052 635 1138 regnandi
656 1052 752 1118 finem
773 1052 871 1119 dedit.

393 1245 464 1312 109.
508 1242 623 1310 Obitus
644 1245 796 1312 Lotharii.

122 1365 204 1430 Nam
226 1387 299 1431 cum
312 1363 449 1430 vernalis
471 1364 638 1432 elementia
659 1366 772 1432 eodem
793 1379 894 1432 anno¹
916 1365 1012 1432 rebus
1032 1366 1208 1436 brumasss.

53 1448 164 1514 afflictis
184 1449 311 1532 rediret,
337 1471 395 1536 pro
416 1471 523 1514 rerum
546 1452 682 1514 natural
710 1451 865 1516 inmutato
886 1473 969 1533 aere,
998 1449 1147 1514 Lauduni

53 1556 65 1597 e
98 1545 181 1600 ctare
202 1535 315 1619 coepit.
357 1533 452 1598 Unde
476 1545 611 1598 vexatus
634 1547 692 1600 eac
741 1535 866 1600 assione
893 1558 975 1621 quae
1004 1533 1105 1598 colica
1126 1555 1159 1598 a.

53 1555 166 1700 plisicis
188 1618 312 1700 dicitru,
340 1619 373 1682 in
401 1617 519 1681 lectum
540 1618 667 1683 decidit.
711 1557 792 1684 guil
821 1617 910 1682 dolor
937 1617 1145 1684 intolerabilis

52 1703 185 1787 inparte
214 1703 328 1766 dextra
354 1723 450 1787 super
470 1702 610 1766 verenda
637 1713 714 1768 erat.
756 1702 808 1768 Ab
837 1701 990 1766 umbilico
1018 1724 1146 1789 quoque

52 1806 137 1872 usque
158 1785 200 1849 ad
221 1784 374 1872 splenem,
395 1795 427 1850 et
448 1785 522 1849 inde
543 1807 644 1873 usque
659 1785 701 1851 ad
719 1787 838 1872 inguen
860 1787 1031 1870 sinistrum,
1054 1797 1085 1852 et
1100 1787 1147 1851 sic

53 1869 85 1932 ad
108 1892 202 1934 anum
236 1869 359 1935 infestis
387 1867 549 1935 doloribus
580 1869 774 1956 pulsabatur.
823 1869 918 1934 Ilium
948 1892 1075 1957 quoque
1109 1891 1148 1935 ac

53 1954 160 2017 renium
188 1954 304 2018 iniuria
332 1952 483 2018 nonnulla
512 1963 595 2037 erat3
625 1955 809 2019 thenasmus
830 1955 993 2038 assiduus3
1026 1955 1146 2040 egestio

53 2039 227 2122 sanguinea3
252 2060 318 2103 vox
338 2036 505 2124 aliquoties
525 2038 803 2103 intercludebatur.
845 2038 1009 2104 Interdum
1030 2039 1147 2122 frigore

52 2119 170 2185 febrium
184 2121 317 2208 rigebat.
359 2123 496 2206 Rugitus
517 2123 767 2204 intestinorume,
785 2121 948 2186 fastidium
969 2123 1054 2206 inge,
1076 2142 1146 2185 ruc-

52 2213 91 2268 tus
110 2208 290 2271 conationes
312 2207 379 2270 sine
401 2207 525 2290 effectu,
546 2209 666 2270 ventris
688 2207 846 2287 extensio,
875 2205 1030 2269 stomachi
1050 2205 1145 2268 ardor

13 2297 14 2300 ’
52 2309 102 2352 non
128 2289 268 2356 deerant.
325 2289 453 2376 Ingenti
481 2291 589 2376 itaque
617 2289 707 2354 luctu
735 2299 802 2354 tota
827 2289 995 2387 personatf
1020 2288 1144 2352 domus.

52 2371 93 2435 lit
119 2375 241 2439 sonitus
267 2373 421 2456 diversus,
448 2372 565 2438 clamor
585 2375 702 2439 varius.
745 2372 873 2436 Nemmi
900 2373 985 2438 enim
1013 2383 1145 2436 eorum&

13 2517 14 2530 .
53 2457 96 2540 qui
113 2457 245 2522 aderant
270 2455 507 2522 inlacrimabilis
529 2467 597 2522 erat
623 2479 661 2522 ea
687 2456 877 2521 calamitash.
920 2457 1064 2521 Decem²
1086 2456 1144 2542 igi-

13 2549 14 2576 ;
53 2547 93 2603 tur
115 2544 204 2606 annis
228 2541 339 2608 Ottoni
366 2552 533 2627 superstes,
562 2542 721 2608 tricesimo
744 2551 776 2606 et
796 2541 953 2626 septimo⁸
976 2540 1073 2604 annoi
1103 2563 1145 2605 ex

13 2627 14 2664 ³
54 2643 103 2707 quo
122 2635 211 2713 patre
234 2625 382 2690 defamcto
403 2647 502 2711 regno
524 2627 644 2712 potitus
666 2635 722 2708 est,
748 2625 992 2712 quadragesimo
1014 2646 1090 2690 vero
1113 2635 1146 2690 et

54 2717 149 2774 octavo
172 2732 236 2796 quo
258 2732 277 2773 a
298 2717 389 2795 patre
409 2719 562 2796 regnante
584 2731 734 2774 coronam
760 2719 792 2776 et
813 2719 976 2795 sceptrum
997 2717 1144 2794 regnatu-

53 2811 94 2855 rus
112 2795 244 2880 accepit,
266 2815 285 2856 a
305 2793 383 2857 natu
403 2805 509 2858 autem
531 2796 730 2880 sexagesimo
752 2803 895 2877 octavos
918 2793 1069 2858 deficiens
1090 2815 1145 2857 na-

54 2883 125 2942 turae
156 2878 322 2943 concessit.
373 2877 474 2976 (110.)
523 2878 649 2944 Interea
683 2877 852 2964 magnifice
890 2877 987 2942 funus
1019 2877 1144 2962 regium

54 2959 135 3026 nulto
164 2962 346 3027 divitiarum
367 2960 522 3046 regahum
543 2961 666 3027 ambitu
686 2972 863 3026 accuratur.
906 2963 959 3026 Fit
988 2961 1018 3027 ei
1043 2959 1144 3025 lectus

54 3044 194 3128 regalibus
215 3043 394 3132 insignibus
415 3045 597 3129 edomatus,
626 3067 742 3132 corpus
769 3047 912 3112 bissinak
933 3055 1021 3110 veste
1042 3043 1144 3109 indui·

55 3133 93 3190 tur
120 3151 157 3194 ac
196 3129 334 3216 desuper
368 3127 454 3215 palla
484 3152 648 3216 purpurea
679 3131 828 3216 gemmis¹
864 3140 974 3194 ornata
1001 3150 1144 3214 auroque

12 3261 13 3288 2
54 3207 156 3277 intexta
188 3214 338 3299 operitur.
384 3213 520 3278 Lectum
541 3235 711 3300 regnorum
744 3221 756 3242 ⁸
788 3214 917 3277 rimates
949 3211 1191 3278 deferebant.·r·
1206 3226 1257 3267 ⁶³1·

54 3289 185 3362 Preibant
206 3297 351 3396 episcopi
370 3308 402 3363 et
421 3295 523 3363 clerus
545 3320 618 3362 cum
634 3319 757 3382 euange
784 3297 809 3361 's
823 3306 855 3362 et
869 3297 1026 3362 crucibus.
1040 3297 1143 3360 Penes

12 3387 13 3456 ξ
55 3396 118 3460 quos
141 3383 236 3446 etiam
270 3403 326 3468 qur
351 3381 419 3446 eius
441 3402 590 3446 coronam
611 3381 746 3447 ferebati
773 3379 872 3444 multo
895 3401 973 3444 auro
995 3380 1143 3464 gemmis-

55 3479 101 3554 que
110 3465 270 3612 dpretiosis
296 3466 447 3530 nitentem
472 3487 546 3530 cum
567 3465 637 3530 aliis
658 3465 763 3530 multis
785 3462 974 3550 insignibus,
996 3460 1143 3528 eiidando

12 3553 13 3623 3
54 3563 109 3610 lnce
130 3547 210 3613 ebat.
253 3546 401 3614 Funebre
429 3547 527 3613 melos
555 3549 694 3616 lacrimis
722 3547 968 3634 impedientibus
993 3548 1050 3612 vix
1071 3569 1143 3632 pro-

11 3645 13 3711 ]
53 3623 201 3697 ferebatur.
243 3632 362 3698 Milites
387 3634 482 3698 etiam
509 3643 609 3698 mesto
630 3633 721 3699 vultu
749 3653 806 3697 suo
836 3631 947 3697 ordine
972 3653 1067 3718 prose
1090 3653 1143 3696 ue-

54 3707 157 3780 lantur.
209 3716 345 3804 Reliqua
373 3737 500 3803 quoque
526 3739 640 3783 manus
668 3738 741 3781 cum
767 3715 914 3782 lamentis
942 3653 1143 3782 succedebat.

11 3880 16 3952 l
112 3911 132 3964 a)
146 3915 170 3955 tn
185 3916 256 3966 captis
272 3916 293 3957 l.
342 3913 366 3967 b)
383 3926 406 3957 n.
422 3915 529 3956 Laudant
549 3917 570 3958 1.
616 3915 637 3970 c)
652 3928 680 3958 so
696 3916 776 3957 morbo
791 3918 812 3958 1.
863 3914 886 3968 d)
904 3915 929 3958 O.
944 3917 967 3958 d.
981 3916 1005 3955 tn
1020 3915 1067 3954 loco
1082 3925 1142 3957 raso.

11 3965 12 3968 ¹
53 3962 232 4015 eliutesttnorum
250 3985 282 4024 ο.)
303 3985 350 4015 non
370 3975 450 4016 deerat
470 3975 520 4018 add.
545 3977 566 4016 1.
660 3973 679 4027 t)
700 3977 842 4027 concrepttat
862 3986 970 4025 superscr.
996 3976 1106 4024 personat
1125 3983 1143 4016 e.

11 4043 14 4086 ς
53 4021 108 4123 {lgm
122 4043 142 4081 q.
157 4033 236 4076 aderat
249 4035 270 4074 1.
330 4031 354 4085 h)
371 4033 520 4074 ceraunius
535 4045 552 4074 e.
604 4032 622 4086 l)
637 4039 685 4084 port
700 4035 751 4074 edd.
801 4032 826 4086 k)
842 4042 959 4084 purpurea
974 4033 995 4073 1.
1047 4031 1064 4084 l)
1081 4041 1103 4080 ς.
1121 4041 1142 4073 o.

89 4099 121 4128 oco
134 4102 189 4132 raro.

13 4270 14 4292 ,
114 4218 139 4284 1)
157 4223 222 4274 (lum
237 4223 384 4276 virdunum
397 4225 451 4274 iam
471 4238 496 4274 a.
516 4221 579 4274 984.
599 4226 705 4288 captum
718 4222 761 4284 sit,
780 4221 849 4272 haec
868 4226 959 4288 aperte
979 4219 1048 4271 falsa
1067 4224 1141 4285 sunt3

12 4295 14 4364 l
54 4290 200 4347 awilmsnr
227 4313 253 4364 p.
274 4295 335 4346 178.
428 4293 522 4362 2)1s.
605 4291 634 4360 3)
654 4294 711 4347 ³3⁰.
796 4293 825 4361 4)
845 4310 870 4346 a.
890 4295 953 4345 941.
972 4298 1051 4346 natus
1071 4299 1139 4359 erat3

11 4377 16 4505 q
54 4357 162 4420 Richerus
181 4377 257 4440 errat,
278 4385 294 4421 a
313 4374 378 4422 nuto
393 4369 532 4422 Ludovico
551 4369 599 4422 IV.
619 4382 774 4433 numerans3
796 4368 830 4422 cf.
850 4368 887 4433 11,
907 4367 1049 4432 4.111,2.

10 4589 11 4624 l

9 4625 11 4660 t

9 4661 11 4688 r
