2936 5010
326 355 376 406 180
559 353 712 406 RIOHEBI
730 353 981 407 fflsronttrtnn
999 355 1109 406 LIBER
1128 354 1194 405 1111.

262 546 312 588 ssr.
325 523 456 608 sanguis
483 521 516 586 in
542 519 768 587 emathoicam¹
798 519 997 586 redundavit.
1046 520 1107 586 cui
1132 520 1261 606 sanguis
1284 520 1419 606 copiosus

325 629 382 693 per
403 627 494 670 nares
526 615 557 671 et
584 603 692 753 gulam
713 603 886 670 diffluebat.
930 603 1089 670 Mamillae
1111 603 1274 670 doloribus
1295 603 1419 669 assiduis

349 688 543 756 ulsabantur.
614 711 708 754 ervor
728 689 824 754 totius
847 689 989 776 corporis
1003 687 1208 754 intolerabilis
1229 710 1294 753 non
1315 686 1419 752 deerat.

202 807 258 848 nar.
275 714 420 846 rabodo
448 783 655 840 unctantum
683 794 765 838 anno
788 773 871 858 patri
900 795 937 838 su
961 781 1069 854 erstes,
1101 775 1150 837 11.
1172 771 1245 837 Kal.
1267 773 1336 836 Iun.
1356 770 1420 835 defi-

327 859 419 939 tiens,
444 867 575 923 naturae
605 857 746 922 debitum
774 855 876 922 solvit.
949 857 1021 921 uius
1048 855 1206 922 discessus
1233 877 1271 922 eo
1293 865 1421 939 tempore

327 941 450 1024 accidit,
477 963 540 1028 quo
569 949 600 1006 et
628 938 863 1026 metropolitani
891 942 1038 1027 purgatio
1064 940 1104 1007 de
1132 940 1267 1006 obiectis
1288 937 1421 1004 habenda

327 1035 394 1091 crat
404 1037 426 1090 ².
468 1025 589 1090 Aderat
617 1025 714 1110 igitur
734 1024 919 1110 purgandus
941 1034 973 1090 et
993 1026 1100 1112 regiae
1115 1025 1276 1096 maiestati
1297 1022 1421 1088 satisfac-

326 1119 424 1176 turus.
469 1108 533 1174 sed
553 1109 633 1194 regii
654 1108 772 1172 funeris
795 1108 973 1174 calamitate
1002 1110 1062 1174 hac
1088 1107 1142 1174 lite
1171 1130 1352 1196 suppressa,
1371 1127 1420 1170 nec

327 1193 543 1259 controversia
563 1201 668 1278 partes
690 1191 809 1272 habuit,
832 1214 891 1258 neo
912 1215 954 1258 ex
975 1215 1014 1258 ea
1035 1193 1182 1258 iuditium
1196 1190 1420 1280 promulgatum

327 1277 396 1343 fuit.
438 1275 580 1342 Plurima
594 1298 670 1342 vero
693 1276 966 1343 commiseratione
986 1277 1055 1364 ipse
1077 1278 1250 1364 episcopus
1273 1276 1312 1341 de
1334 1281 1420 1338 morte

212 1380 264 1426 ⁸101.
280 1362 411 1448 caragis
433 1369 623 1448 conquestus
644 1365 700 1426 est.
733 1360 944 1448 *Postquam*
956 1373 1063 1426 autem
1077 1362 1200 1447 regium
1219 1361 1314 1425 funus
1329 1379 1420 1422 curas-

329 1456 406 1528 sent,
428 1445 609 1532 principum
631 1444 758 1510 decreto
781 1443 972 1531 Compendii
991 1444 1165 1511 tumulatus
1190 1453 1249 1527 est,
1273 1443 1420 1527 cumipse

328 1531 440 1596 vivens
469 1550 561 1594 secus
588 1537 711 1614 patrem
737 1527 888 1593 tumulari
914 1529 1048 1628 petierit.
1091 1528 1130 1593 Id
1156 1539 1266 1594 autem
1292 1524 1420 1592 consulto

328 1613 447 1679 factum
469 1621 524 1696 est,
546 1633 596 1694 ne,
618 1610 694 1676 dum
708 1613 828 1677 itineris
845 1611 1076 1699 longitudinem
1091 1634 1200 1678 eorum
1216 1635 1314 1700 quam
1350 1609 1420 1673 lures

328 1698 463 1762 vitarent
489 1705 520 1762 et
544 1716 564 1758 a
590 1717 622 1760 se
650 1695 746 1760 divisi
774 1695 986 1780 discederent,
1014 1698 1060 1762 rei
1089 1695 1236 1784 publicae
1266 1696 1311 1762 ut'
1338 1696 1344 1710 '
1377 1713 1419 1756 un

328 1779 505 1846 differretur
534 1778 720 1844 consultum.
769 1779 895 1847 Placuit
922 1782 966 1846 ita
988 1803 1028 1847 ue
1055 1791 1128 1846 ante
1157 1779 1336 1846 discessum
1362 1799 1419 1842 oon-

328 1863 437 1928 venire
458 1873 490 1929 et
511 1885 552 1927 ex
573 1863 663 1948 regni
685 1864 860 1928 commodis
883 1885 959 1930 cons
994 1887 1055 1931 ere.

416 1985 446 2050 6.
488 1983 639 2070 Purgatio
661 1982 873 2050 Adalberonis
895 1985 934 2050 de
957 1985 1088 2051 obiectis
1109 2007 1128 2051 a
1148 1986 1345 2052 Ludovieob.

413 2085 538 2168 Quibus
559 2084 730 2172 dispositis,
759 2085 826 2152 dux
847 2088 893 2151 sic
915 2109 1004 2152 orsus
1026 2090 1147 2176 coepit:
1185 2087 1271 2154 ‘Huc
1297 2109 1337 2152 ex
1356 2082 1418 2148 locis

329 2170 464 2237 diversis
485 2193 519 2234 re
544 2170 572 2234 'o
593 2171 682 2235 iussu
702 2172 808 2236 vocati
829 2170 870 2236 ad
893 2171 1127 2238 discutiendum
1149 2195 1187 2237 ea
1210 2194 1294 2260 quae
1312 2185 1418 2235 summo

328 2254 471 2344 pontifici
492 2252 523 2318 A
546 2251 688 2320 alberoni
710 2252 834 2320 obiecta
860 2265 943 2337 sunt,
972 2255 1071 2322 multa
1091 2257 1164 2337 fide,
1189 2265 1335 2344 utputo,
1361 2272 1418 2316 con·
1446 2279 1447 2282 ¹

328 2339 468 2405 venistis.
512 2337 576 2404 Sed
597 2338 690 2404 divae
712 2339 900 2404 memoriaec
922 2362 980 2405 rex
996 2341 1051 2426 qui
1065 2339 1261 2423 intendebat,
1285 2336 1418 2440 quonian

329 2421 389 2488 bac
409 2424 475 2488 vita
496 2422 638 2508 privatus
660 2433 716 2506 est,
746 2425 977 2490 controversiae
1008 2435 1123 2490 statum
1148 2423 1242 2489 nobis
1266 2421 1418 2489 d1scutien-

330 2505 406 2570 dum
427 2503 562 2591 reliquit.
606 2505 642 2571 Si
663 2528 738 2592 ergo
759 2517 865 2593 preter
885 2530 958 2572 eum
979 2519 1028 2574 est
1049 2511 1103 2609 qui
1125 2508 1290 2575 intendere
1311 2503 1417 2580 audeat,

330 2609 431 2674 eoque
463 2590 568 2653 animo
596 2588 694 2672 valet,
726 2599 761 2654 ut
788 2591 1011 2690 exsequendae
1042 2591 1105 2658 htis
1137 2602 1262 2680 partem
1294 2588 1417 2674 arripiat,
1445 2637 1446 2674 ,

330 2671 414 2737 adsit
440 2693 563 2752 coram,
592 2673 669 2759 quid
697 2675 811 2740 sentiat
839 2675 956 2758 edrcat,
990 2676 1068 2742 nihil
1094 2686 1238 2742 metuens
1269 2675 1417 2742 criminato
1445 2681 1446 2684 ’

330 2754 504 2854 intendat..
525 2755 560 2820 Si
580 2778 657 2821 vera
676 2757 826 2844 proferat,
848 2759 915 2824 eius
937 2761 1106 2826 verborum
1127 2783 1169 2848 ap
1193 2761 1354 2827 robatores
1372 2774 1417 2818 nos
1444 2811 1445 2824 .

331 2841 397 2904 sine
429 2839 526 2904 dublo
556 2838 695 2906 habebit.
743 2841 839 2924 Quod
866 2843 893 2906 si
921 2843 1129 2912 calumniator
1172 2843 1240 2910 alsa
1273 2839 1416 2916 confinxit,

330 2944 441 2988 vocem
463 2923 650 3010 supprimat,
678 2947 717 2991 ne
739 2927 816 2992 tanti
838 2926 986 2992 facinoris
1008 2939 1140 3016 argutus
1189 2950 1287 2995 oenas
1316 2923 1416 2992 solvat'.
1443 3003 1444 3010 ἵ

331 3007 394 3072 Ter
414 3007 621 3073 acclamatum
642 3020 698 3092 est,
720 3017 755 3073 ut
774 3009 895 3076 delator
916 3013 1110 3098 procederet.
1182 3036 1217 3078 er
1230 3012 1273 3078 ab
1289 3007 1417 3078 omnibus
1443 3023 1444 3064 l

330 3101 480 3177 negatum
509 3101 565 3158 est.
609 3093 666 3180 (7.)
710 3093 789 3158 Dux
816 3095 924 3181 itaque
952 3097 1066 3162 iterum
1087 3097 1212 3163 locutus
1233 3098 1293 3162 ait:
1330 3093 1372 3159 ‘Si
1389 3087 1417 3151 lis

331 3175 394 3240 iam
416 3173 541 3259 decidit,
564 3176 639 3262 quia
660 3179 714 3264 qui
728 3178 871 3244 intendat
891 3201 955 3244 non
973 3191 1029 3263 est,
1052 3179 1305 3267 metropolitano,
1326 3183 1418 3262 utpote

234 3301 236 3306 -
331 3259 399 3324 viro
420 3257 518 3324 nobili
540 3269 570 3325 et
591 3259 690 3328 multa
704 3263 858 3348 sapientia
872 3262 990 3347 inclito,
1013 3265 1191 3331 cedendum
1209 3275 1265 3331 est.
1310 3263 1359 3328 Ab
1371 3258 1418 3322 hac
1442 3285 1443 3312 ³

331 3345 429 3429 ergod
461 3344 635 3430 suspitione
667 3349 792 3432 penitus
823 3346 976 3413 discedite
1014 3370 1237 3434 summumque
1276 3341 1418 3447 presulem

331 3425 430 3492 multo
460 3427 578 3494 honore
605 3429 748 3495 excolite.
799 3430 1000 3496 Reveremini
1028 3433 1112 3498 hunc
1138 3431 1232 3498 talem
1261 3451 1373 3510 virum,
1396 3429 1419 3486 el

332 3520 466 3673 &uanae
480 3511 614 3609 virtutis,
636 3513 818 3599 sapientias,
839 3514 1011 3581 nobilitatis
1026 3520 1076 3600 sit,
1096 3517 1247 3582 hactenus
1262 3513 1417 3602 predicate.

362 3591 418 3656 u1d
439 3615 522 3658 emm
544 3596 673 3681 prodest
693 3619 747 3662 sus
771 3598 919 3662 itionem⁰
940 3598 1068 3683 habere,
1095 3603 1148 3667 cui
1177 3601 1211 3664 in
1238 3599 1349 3663 iuditio
1368 3611 1418 3658 non
1441 3567 1442 3655 l

330 3674 419 3741 fuere
438 3677 522 3741 vires
565 3679 715 3766 uicquam
761 3681 874 3746 'cere'?

415 3759 444 3824 8.
465 3760 553 3846 Ergo
587 3784 709 3828 summo
731 3764 874 3863 pontifici
888 3767 956 3832 dux
970 3767 1163 3856 reliquorum
1177 3768 1347 3854 primatum
1360 3780 1418 3856 con·

332 3845 677 3931 sensussexsequendae
686 3851 817 3914 rat10nis
828 3849 978 3917 honorem
989 3852 1029 3917 de
1040 3849 1173 3918 utilitate
1182 3853 1274 3938 regni
1283 3846 1418 3922 atutbut

391 4030 413 4086 a)
428 4033 485 4077 cum
506 4057 532 4068 ·-
553 4041 660 4080 curarent
680 4040 699 4080 1.
797 4039 821 4093 b)
838 4041 867 4081 do
882 4041 938 4083 otro.
1036 4040 1063 4095 c)
1079 4043 1108 4085 D.
1125 4043 1154 4084 M.
1171 4055 1189 4086 e.
1273 4041 1297 4096 d)
1310 4033 1440 4095 parendo*

332 4091 354 4146 s)
370 4094 466 4135 ltlonem
481 4104 491 4135 e
506 4105 561 4138 corr.
636 4095 770 4150 nPurgato
786 4109 805 4141 e.
824 4101 843 4142 1.
918 4099 941 4154 κ)
957 4112 1014 4144 ensu
1029 4114 1040 4142 e
1055 4113 1112 4143 corr.

408 4247 434 4316 l)
453 4250 655 4305 bemototltecom
675 4254 780 4307 Gundet
798 4260 941 4324 proposuit.
1004 4255 1034 4325 2)
1054 4258 1131 4322 Quod
1150 4261 1204 4311 iam
1224 4259 1307 4312 (1.27,
1342 4249 1416 4308 Martii

332 4319 432 4373 tactum
452 4338 518 4389 esse,
538 4326 653 4392 epistola
679 4326 758 4380 docet
777 4328 907 4396 (letberti,
927 4331 961 4384 cf.
981 4331 1113 4385 Wilmans
1132 4349 1159 4400 p.
1182 4332 1233 4384 1⁷8
1252 4349 1278 4385 n.
1437 4293 1439 4372 l
