2938 5016
295 417 449 470 RIOHRRI
469 419 722 472 HISTORIARUM
741 419 852 471 LIBER
872 421 894 474 I.
1122 420 1156 472 25

59 587 125 648 sime
151 585 322 670 unicuique
350 585 495 651 donatur.
545 585 640 651 Unde
669 595 700 652 et
721 607 740 649 a
763 584 942 652 Gisleberto
964 586 1157 670 recedentes,
1166 601 1216 644 ⁹²1·

58 670 112 754 regi
144 669 396 734 constantissime
427 671 625 735 resociantur
657 690 695 732 ac
728 690 799 734 cum
826 691 863 735 eo
885 671 919 734 in
942 669 1157 736 Gislebertum

56 751 192 818 feruntur.

126 837 175 902 38.
219 834 418 902 Gislebertus
451 858 526 902 vero
555 839 589 902 in
619 859 636 901 o
661 835 737 923 pido
759 835 909 902 Harburc
921 849 940 920 ¹,
970 837 1055 923 quod
1084 838 1158 902 hinc

57 919 133 984 Mosa
159 919 291 984 atinde
319 919 415 984 Gullo
447 920 553 987 fluviis
580 859 730 1000 vallaitur,
759 941 779 982 a
804 920 907 985 fronte
929 943 1005 986 vero
1026 923 1158 985 immani

56 1002 128 1068 hiatu
155 1002 318 1090 multoque
339 1004 469 1070 horrore
498 1005 645 1092 veprium
672 1003 836 1070 defensum
858 1015 921 1087 est,
952 1027 1024 1068 cum
1045 1009 1158 1091 paucis

58 1085 258 1153 claudebatur.
301 1088 376 1152 Huc
398 1111 456 1153 rex
478 1110 550 1152 eum
579 1089 722 1154 exercitu
772 1097 900 1174 roperat
927 1087 1075 1174 locatque
1103 1090 1157 1155 ob·

57 1172 213 1254 sidionem,
240 1171 313 1235 hinc
345 1182 377 1236 et
398 1172 488 1237 *inde
510 1172 674 1254 navalem,
703 1195 723 1236 a
743 1111 846 1238 lionte
868 1195 945 1238 vero
968 1173 1207 1259 equestrem.‘1>·
1223 1177 1275 1220 ⁵⁸⁰·

55 1254 86 1317 In
104 1257 190 1319 cuius
220 1256 457 1341 expugnatione
486 1278 559 1320 cum
589 1257 780 1342 persisteret,
804 1255 1023 1322 Gislebertus*
1049 1256 1157 1321 navali

55 1337 120 1423 lisga
147 1338 308 1404 dilabitur.
358 1339 522 1425 Oppidani
550 1360 626 1404 vcro
650 1341 782 1426 capti**,
812 1341 845 1404 in
870 1342 954 1426 regis
983 1341 1155 1406 deveniunt

55 1423 221 1488 iussionem.
265 1421 463 1488 Gislebertus
485 1433 591 1489 autem
608 1446 681 1488 cum
697 1424 821 1488 duobus
837 1423 1003 1508 clientulis,
1026 1435 1157 1511 paterna

55 1503 211 1572 hereditate
239 1507 399 1593 privatus,
425 1507 572 1572 Rhenum
600 1506 785 1573 exulaturus
814 1509 994 1593 pertransit.
1042 1509 1091 1573 Ibi
1116 1531 1156 1574 ue

54 1612 104 1736 per
122 1613 218 1655 annos
240 1589 362 1675 aliquot
383 1593 470 1676 apud
491 1593 680 1656 Heinricum
703 1613 848 1656 socerum
872 1591 1023 1692 deceptus
1039 1532 1155 1657 exulat.

69 1672 178 1738 voluto
200 1683 309 1739 autem
331 1673 453 1761 aliquot
474 1697 628 1740 annorum
657 1685 816 1762 tempore,
848 1676 1042 1742 Heinricusa
1070 1677 1157 1764 apud

53 1780 148 1842 regem
170 1759 335 1824 suasorie⁸
358 1759 432 1844 egit,
455 1768 490 1822 ut
513 1758 710 1825 Gislebertus
733 1770 937 1826 revocaretur
958 1783 995 1825 ac
1017 1762 1051 1824 in
1072 1762 1156 1846 regis

53 1843 174 1926 gratiam
205 1853 433 1924 resumeretur,
463 1865 502 1908 ea
534 1865 609 1908 vero
638 1867 745 1908 rerum
768 1845 963 1926 conditione,
994 1854 1041 1928 ut,
1071 1847 1155 1929 regis

54 1927 195 1990 sententia
222 1949 264 1991 ex
297 1925 419 1990 collatis
451 1927 615 1992 beneficiis
647 1929 853 2011 intemerata,
887 1927 1086 1994 Gislebertus
1119 1951 1156 1994 ea

53 2019 162 2073 tantum
189 2009 291 2074 reali
320 2009 487 2074 clementia
513 2013 682 2096 reciperet,
714 2033 850 2098 quorum
879 2035 1077 2100 possessores
1099 2035 1157 2099 per

53 2101 93 2157 tot
113 2094 158 2157 sui
179 2118 195 2159 e
223 2095 264 2156 'ii
288 2103 434 2179 tempora
453 2095 518 2156 iam
542 2094 686 2160 obierant
696 2107 717 2159 ².

125 2178 173 2241 39.
217 2176 288 2242 *Ab
327 2176 423 2242 exilio
454 2179 563 2265 itaque
595 2191 779 2261 revocatus,
815 2180 900 2263 regis
931 2181 1067 2264 gratiam
1099 2194 1272 2264 per'tol.1⁰'.

51 2258 227 2324 Heinricum
249 2272 397 2343 meretur,
420 2283 458 2326 ea
479 2273 595 2344 tamen,
617 2274 652 2328 ut
673 2263 794 2326 dictum
817 2272 879 2343 est,
902 2262 1099 2343 conditione,
1120 2272 1157 2326 ut
1166 2256 1216 2297 ⁹²²·

52 2342 242 2410 abenefioiis
275 2367 356 2431 quae
377 2344 550 2412 insolenter
579 2347 764 2428 diduxerat,
788 2346 928 2432 quandiu
956 2365 1155 2432 possessores

51 2428 189 2510 viverent,
214 2438 330 2512 careat,
352 2451 391 2493 ea
412 2451 488 2494 vero
512 2451 647 2515 quorum
668 2452 867 2516 possessores
894 2453 952 2516 per
973 2448 1072 2492 annos
1100 2428 1154 2491 ali-

52 2523 118 2595 quot
138 2513 282 2578 obierant
301 2537 336 2578 re
360 2514 388 2578 is
402 2513 604 2580 miseratione
619 2523 750 2599 repetat.
793 2515 922 2612 Recipit
942 2515 1050 2599 itaque
1074 2534 1154 2598 quae

51 2596 244 2662 adelunctis
275 2535 404 2683 quidem
436 2597 586 2662 derelicta
615 2598 788 2681 vacabant,
820 2620 994 2662 maximam
1024 2619 1153 2661 suarum

50 2700 141 2744 rerum
163 2683 316 2768 partemb,
339 2682 531 2765 Treiectum,
554 2681 724 2767 Iuppilam,
748 2681 959 2764 Harstalium,
983 2681 1153 2764 Marsuam,

50 2760 224 2848 Littam0·³,
247 2764 524 2852 Capraemontem.
569 2766 695 2847 Quibus
717 2765 850 2849 habitis,
872 2765 1011 2830 Karolus
1040 2789 1098 2830 rex
1120 2769 1154 2830 in

52 2843 191 2914 Celtieam
225 2849 325 2932 redit,
348 2849 568 2932 Nortmannis,
597 2851 652 2949 qui
682 2859 841 2915 extremos
875 2849 1051 2916 Galliarum
1074 2849 1152 2914 fines

5 2989 6 3008 ,
50 2925 115 2996 locis
136 2934 304 2998 maritimis
326 2933 526 3017 infestabant,
550 2935 679 3084 copnas‘l
701 2935 816 3000 inferre
828 2957 957 3083 parans.
1000 2935 1153 2998 Heinrico

50 3034 113 3080 vero
139 3027 227 3082 trans
257 3017 404 3082 Rhenum
438 3029 548 3083 contra
602 3029 739 3084 armatas
768 3041 826 3104 pro
841 3028 922 3102 ecto,
954 3017 1152 3083 Gislebertus

51 3117 98 3180 per
117 3123 190 3166 suos
218 3102 402 3166 immaniter
422 3103 564 3168 vexabat
593 3112 624 3167 et
655 3103 810 3168 atterebat
840 3125 893 3168 eos
923 3103 977 3188 qui
1006 3102 1046 3166 ab
1076 3123 1152 3186 rege

51 3201 98 3245 sua
124 3186 199 3250 data
228 3185 423 3251 obtinebant.
472 3184 562 3250 Alios
592 3186 788 3251 clandestina
815 3188 981 3251 invasione
1007 3207 1153 3266 enecans,

50 3262 113 3331 alios
133 3271 331 3334 incessanter
351 3281 388 3335 ut
408 3292 467 3334 sua
487 3268 668 3356 relinquant
689 3269 857 3356 adurgens,
880 3269 1009 3335 tandem
1035 3270 1154 3332 evincit

51 3350 165 3438 suisque
188 3354 336 3418 omnibus
358 3355 494 3440 potitur,
527 3355 735 3420 truculentius
758 3354 873 3418 exinde
902 3354 935 3416 in
956 3376 990 3416 re
1015 3375 1065 3416 em
1088 3375 1152 3415 ma-

51 3431 176 3502 chinans.
222 3438 376 3501 Socerum
399 3439 508 3524 itaque
529 3437 595 3501 adit
618 3439 709 3524 eique
731 3437 771 3502 ab
793 3459 869 3522 rege
887 3376 1058 3518 dissuadet,
1083 3433 1151 3500 Oel-

50 3514 131 3584 ticam
159 3520 258 3586 solam
288 3523 356 3606 regi
384 3544 477 3608 posse
508 3521 653 3587 sufficere
689 3543 848 3603 asserens,
876 3520 1040 3608 Belgicam
1074 3541 1150 3583 vero

50 3609 129 3687 atque
161 3605 370 3670 Germaniam
396 3628 471 3692 rege
497 3604 559 3670 alio
589 3605 761 3692 plurimum
787 3605 940 3690 indigere.
994 3604 1088 3672 Unde
1111 3613 1151 3686 et,

110 3767 132 3835 ⁸)
153 3771 184 3822 G.
210 3769 280 3820 clam
304 3784 352 3835 per
380 3785 482 3821 murum
510 3769 639 3838 dilapsus,
668 3772 776 3822 fluvium
806 3770 939 3822 enatando
969 3770 1150 3828 transmeavit,

152 3841 253 3894 Eltkelt.

99 3909 132 3980 ”l
152 3917 254 3982 absque
276 3914 343 3966 duce
362 3914 451 3966 relicti
470 3916 572 3968 Ekkelt.

98 4039 118 4091 a)
131 4049 180 4093 poet
196 4043 247 4083 add.
308 4039 479 4094 b)1ul....um
495 4055 587 4086 eranum.
649 4043 669 4096 c)
686 4045 810 4085 vocabulum
826 4055 917 4086 erasum.
987 4041 1010 4094 d)
1026 4042 1112 4084 beilum
1130 4043 1150 4081 l.

111 4163 138 4230 1)
156 4165 320 4217 Hardestcin
348 4183 431 4234 prope
461 4167 544 4231 (iouh
582 4185 607 4219 v.
633 4167 712 4222 Mem.
743 4166 889 4218 rourcnnes
917 4182 965 4233 pur
992 4167 1088 4217 l'acad.
1117 4167 1150 4218 de

50 4227 173 4292 Bruxelles
193 4241 216 4303 Ι,
237 4256 263 4305 p.
284 4241 327 4292 41.
414 4239 441 4302 2)
462 4240 502 4292 Cf.
522 4241 615 4292 Jahrb.
635 4241 765 4292 Heinrich
784 4241 806 4291 I.
826 4257 852 4306 p.
874 4241 918 4290 49.
1002 4238 1031 4304 3)
1051 4239 1149 4305 Littoy.

50 4299 82 4356 Ol.
101 4308 251 4379 Gerbergae
264 4314 374 4378 reginae
392 4313 562 4366 donationem
574 4316 601 4368 S.
613 4315 736 4380 Remigio
750 4314 876 4365 Remensi
896 4329 920 4364 a.
932 4311 994 4375 968,
1014 4313 1092 4364 Febr.
1107 4314 1149 4363 12.

49 4372 142 4448 factam,
160 4387 285 4453 Bouquet
303 4387 351 4452 IX,
371 4404 397 4453 p.
418 4386 480 4439 666.
