2936 5010
22 871 24 898 l

289 419 441 472 RIOHERI
461 419 715 473 HISTORIARUM
732 422 843 474 LIBER
862 423 915 475 111.
1127 428 1162 476 99

72 607 217 685 mamper
238 608 276 686 ea
297 588 450 652 auferant.
493 588 544 687 Ea
566 589 654 687 enim
673 589 719 652 sic
739 599 809 653 arta
822 589 966 673 induunt,
988 601 1024 656 ut
1042 593 1163 680 cippati
1172 611 1223 652 Μ.

69 692 137 817 pene
156 671 379 819 impediantur.
421 672 460 735 ln
483 671 598 758 qmbus
614 683 708 737 etiam
723 683 826 738 rostra
840 684 1049 761 componunt3
1071 699 1163 742 aures

86 765 148 818 mca
167 757 200 818 in
225 779 242 820 θ
264 756 398 841 erigunt.
427 755 473 819 Et
492 779 532 820 ne
553 755 691 838 folleant,
713 779 765 820 ma
811 759 850 821 0¹³
873 780 968 844 opere
990 759 1164 826 elaborant.

69 839 104 902 Ut
121 838 244 905 luceant
266 861 404 927 quoque,
426 839 554 904 famulis
577 842 711 905 consciis
732 842 765 904 in
788 843 895 908 icunt’.

238 979 289 1044 40.
322 979 394 1044 Dec
414 977 520 1044 linteis
543 988 575 1044 et
597 980 767 1066 operibus⁰
789 979 967 1067 superfluis.

22 1043 24 1150 l
138 1085 198 1145 ‘An
225 1079 323 1146 lintea
356 1103 491 1167 operosa
521 1091 617 1167 atque
645 1081 780 1166 pellicea
810 1085 1006 1168 operimenta
1027 1084 1160 1150 sileam?

22 1197 23 1206 r

22 1243 24 1250 t

68 1162 143 1248 Cum,
164 1167 306 1252 inquam,
328 1186 348 1228 a
369 1165 543 1230 maioribus
566 1165 752 1232 clementiae
773 1168 877 1253 gratia
896 1167 1047 1255 prolenis
1070 1169 1160 1234 indui

22 1289 24 1324 ;
65 1248 184 1332 pellibus
220 1249 435 1314 mediocribus
472 1271 657 1314 concessum
693 1253 749 1334 sit,
784 1253 897 1316 vitium
933 1252 1158 1338 superfluitatis

22 1333 24 1374 5
65 1333 184 1419 irrepsit.
228 1333 322 1398 Unde
345 1344 377 1398 et
396 1355 483 1398 nunc
503 1336 681 1420 peregrinis
703 1338 906 1420 operimentis
927 1335 1041 1402 limbos
1057 1336 1158 1424 bipal-

65 1438 120 1482 mos
146 1418 389 1482 circumducunt
415 1428 510 1505 atque
537 1419 651 1504 pannis
672 1418 797 1484 Noricis
827 1443 864 1485 ea
893 1420 1029 1507 desuper
1056 1421 1157 1507 dupli-

65 1513 131 1566 cant.
174 1502 296 1568 Linteis
319 1524 394 1566 vero
415 1525 474 1588 pro
497 1502 644 1587 stragulis
667 1505 795 1568 minime
818 1506 865 1568 uti
887 1526 1072 1570 concessum
1094 1517 1157 1588 est3

22 1591 24 1664 g
65 1587 108 1650 sed
137 1609 155 1650 a
187 1585 381 1674 quibusdam
417 1589 523 1651 minus
558 1586 714 1672 religiosis
751 1590 882 1653 caeteris
919 1589 1088 1676 superfluis
1124 1591 1158 1655 id

22 1713 23 1764 ᾗ
65 1669 191 1734 additum
213 1682 271 1736 est.
315 1671 460 1751 Quorum
480 1693 631 1735 numerus
654 1693 726 1736 cum
748 1694 789 1736 ex
811 1671 889 1737 locis
911 1673 1045 1738 diversis
1062 1673 1158 1761 pluri-

64 1773 121 1818 mus
141 1765 276 1904 essetta
297 1753 477 1841 pluralitate
499 1754 655 1820 malorum
681 1755 837 1822 bonorum
858 1759 1013 1843 paucitati
1033 1758 1066 1824 id
1088 1782 1158 1845 per-

64 1857 176 1903 suasum
199 1862 232 1904 es
248 1843 264 1903 ’.

319 1962 369 2024 41.
402 1960 476 2025 Del
497 1959 725 2026 femoralibus<¹
746 1963 893 2050 iniquisl.

131 2080 206 2146 ‘Sed
243 2081 320 2167 quid
354 2081 519 2146 femoralia
554 2084 664 2168 iniqua
690 2081 847 2147 referam?
880 2083 1006 2148 Horum
1039 2083 1155 2147 etenim

61 2161 171 2230 tibiales
193 2175 306 2252 quator
327 2167 517 2252 sesquipede
538 2176 649 2264 patent
670 2176 766 2251 atque
795 2189 836 2230 ex
863 2168 1007 2230 staminis
1035 2164 1154 2230 subtili-

22 2291 23 2296 .
61 2256 113 2312 tate
133 2251 228 2314 etiam
249 2249 400 2335 pudenda
421 2248 615 2314 intuentibus
637 2271 702 2313 non
729 2259 909 2334 protegunt.
957 2250 997 2312 In
1018 2270 1154 2333 quorum

61 2335 277 2418 compositione
298 2333 332 2398 id
353 2333 409 2396 uni
430 2355 495 2397 non
509 2333 635 2414 sufficit,
659 2354 721 2418 quo
737 2331 799 2396 duo
816 2333 954 2396 contenti
969 2330 1154 2417 adplenum

22 2461 23 2464 ,
60 2437 116 2481 esse
135 2417 285 2482 valerent.
327 2417 418 2482 Haec
440 2439 549 2481 coram
569 2417 621 2480 hic
650 2415 758 2496 relata,
791 2438 832 2480 an
853 2415 1016 2501 prohiberi
1042 2414 1154 2498 velitis,

22 2541 23 2572 1
59 2497 193 2566 indicate.
221 2566 223 2570 Α
238 2501 373 2566 Caetera
392 2523 470 2565 vero
491 2502 607 2564 nostris
622 2499 764 2564 conciliis
778 2501 812 2563 in
826 2501 951 2586 privato
967 2500 1156 2585 corrigenda

22 2579 23 2596 ¹
59 2588 156 2650 erunt'.
202 2584 341 2650 Sinodus
362 2584 459 2648 dixit:
482 2585 554 2650 ‘Et0
576 2584 822 2671 prohibeantur'.

198 2725 249 2788 42.
281 2726 459 2810 Responsio
481 2724 716 2812 metropolitani
738 2724 779 2789 ad
799 2724 969 2810 primatem
977 2723 995 2787 f.

127 2843 182 2906 Ad
209 2843 289 2908 haec
318 2867 443 2944 quoque
472 2845 732 2994 metropolitanus
760 2844 936 2909 subiunxit:
969 2843 1154 2910 ‘Gravitatis

58 2926 174 3008 quidem
201 2938 326 2992 vestrae
352 2929 412 2994 furt
438 2951 541 3016 pauca
596 2930 709 2994 icendo
738 2927 882 3016 pluribus
915 2949 1060 3015 parcere3
1096 2928 1153 2994 sed

58 3013 216 3091 quoniame
236 3011 315 3077 haec
337 3035 418 3098 quae
443 3015 696 3100 reprehensimus
724 3015 759 3077 in
787 3023 894 3078 vestro
917 3012 1026 3078 ordine
1049 3012 1154 3077 subia-

57 3105 126 3178 cent,
149 3096 212 3161 alia
234 3097 336 3178 nobis,
358 3096 420 3162 alia
440 3121 515 3162 vero
538 3099 671 3184 privatis
699 3097 842 3162 conciliis
865 3097 1053 3182 corrigenda
1073 3097 1154 3160 iudi-

57 3180 133 3262 catis,
154 3181 241 3245 idem
263 3182 373 3263 sentio,
395 3181 480 3246 idem
502 3181 607 3246 laudo.
650 3182 744 3247 Unde
774 3192 806 3246 et
835 3203 916 3266 quae
942 3180 995 3250 hic
1015 3180 1153 3244 inhiberi

56 3273 150 3328 vestra
179 3266 322 3363 gravitas
354 3267 449 3351 petit,
480 3276 589 3330 nostra
619 3267 790 3330 auctoritas
818 3263 987 3328 interdicit.
1041 3263 1266 3343 *Quae-ara,

54 3347 134 3412 vobis
172 3348 295 3413 silendo
334 3351 536 3432 reservastis,
579 3350 691 3416 vestris
726 3345 932 3434 relinquimus
967 3347 1154 3410 inmutanda

54 3427 181 3498 iuditiis’.
225 3433 286 3496 His
301 3455 428 3532 quoque
443 3433 545 3514 dictis,
568 3432 698 3498 sinodus
712 3431 814 3496 soluta
828 3441 885 3496 est.
923 3431 995 3511 Quo
1010 3439 1153 3528 tempore

53 3517 273 3582 monachorum
293 3516 405 3603 religio
427 3516 600 3582 admodum
621 3517 736 3599 flomit,
766 3537 837 3579 cum
859 3535 969 3580 eorum
990 3513 1152 3600 religmnis

52 3603 256 3745 peritissimus
277 3601 539 3688 metropolitanus
559 3602 653 3666 huius
674 3603 720 3666 rei
734 3600 875 3665 hortator
889 3607 973 3664 esset
986 3608 1019 3664 et
1032 3619 1151 3664 suasor.

76 3686 107 3746 th
135 3696 172 3750 ut
201 3684 361 3751 nobilitati
390 3707 465 3750 suae
497 3687 531 3749 in
553 3685 701 3750 omnibus
728 3684 950 3770 responderet,
980 3682 1152 3748 aecclesiae

52 3786 118 3834 suae
133 3769 217 3834 filios
232 3770 360 3834 studiisi
381 3767 566 3836 liberalibus
587 3771 741 3834 instruere
761 3768 899 3834 utiliter⁰
923 3769 1103 3854 quaerebat.

252 3909 303 3973 43.
335 3907 502 3974 Adventus
526 3907 674 3975 Gerberti
694 3909 728 3971 in
752 3906 944 3996 [Gelliamll

126 4011 192 4077 Oui
213 4011 319 4092 etiam,
341 4032 415 4073 eum
436 4009 523 4096 apud
545 4033 614 4078 sese
637 4032 733 4160 appar
753 4010 814 4074 hoe
835 4009 943 4096 aliqua
953 4007 1151 4089 deliberaret,

49 4093 84 4158 ab
111 4097 185 4182 ipsa
209 4094 386 4160 Divinitate
417 4094 556 4159 directus
585 4104 633 4160 est
695 4092 836 4158 erbertus
845 4095 863 4176 ¹,
894 4093 1003 4178 magni
1029 4093 1150 4176 ingenii

100 4299 122 4352 a)
139 4303 182 4342 hta
197 4311 255 4345 corr.
271 4301 333 4344 hinc.
406 4299 431 4353 b)
447 4301 519 4342 multo
536 4303 556 4342 1.
632 4299 652 4354 c)
668 4299 704 4341 De
719 4301 735 4351 l,
751 4299 783 4339 bu
797 4298 854 4340 abac.
925 4296 947 4350 d)
963 4297 1006 4349 De,
1022 4297 1038 4348 t,
1054 4297 1080 4338 in
1095 4298 1154 4341 absc.

49 4356 128 4410 etpost
146 4362 197 4402 ada
257 4357 336 4410 {trtm
351 4360 407 4400 abac.
460 4358 484 4412 ες)
500 4370 560 4410 queo
575 4359 637 4400 dieta
653 4361 706 4400 sunt
722 4359 788 4398 nobis
805 4359 824 4398 1.
868 4354 892 4408 h)
908 4357 937 4398 Et
952 4359 977 4397 ut
991 4357 1016 4396 tn
1030 4357 1076 4398 loco
1090 4369 1151 4399 roso.

22 4453 25 4484 Ι
48 4416 61 4469 i)
77 4421 165 4462 studuis
182 4430 240 4462 corr.
257 4420 347 4462 studiis.
405 4418 430 4472 k)
447 4418 548 4461 Galliam
563 4419 619 4461 abac.
678 4416 696 4469 l)
712 4427 733 4467 g.
750 4429 768 4458 c.
785 4427 872 4466 semper.

879 4488 917 4551 ,.

857 4665 1180 4798 595409u
