2936 5010
316 387 368 442 168
551 389 704 442 RIOHERI
723 389 976 444 HIS'I'ORIARUM
994 389 1106 442 LIBER
1124 391 1193 442 1111.

254 571 305 616 aaa
534 559 584 622 84.
628 555 749 622 Dolusa
771 557 915 624 Conari·
937 567 1047 622 contra
1067 557 1174 624 hostes
1182 569 1206 623 ⁸.

400 659 478 723 Post
497 660 647 724 insidiasb
668 662 737 746 ipse
758 660 844 724 acies
867 659 1029 742 ordinans,
1058 661 1103 723 sic
1129 659 1241 726 fraude
1269 683 1341 725 usus
1361 672 1416 744 est,

316 751 352 808 ut
374 742 502 826 diceret,
524 765 557 808 se
579 743 625 808 ibi
641 765 827 808 mansurum
848 765 907 808 nec
921 742 1052 808 ulterius
1067 743 1172 809 hostes
1190 745 1417 830 quaesiturum

318 827 344 891 si
373 826 479 892 hostes
508 837 670 913 urgerent,
698 827 745 892 ibi
772 835 895 892 tantum
923 828 1021 892 vitam
1048 827 1267 911 defensurum,
1296 851 1350 893 nec
1376 832 1416 894 ob

316 920 436 976 metum
454 911 488 976 id
501 911 669 994 facturum,
690 922 723 976 at
743 919 778 976 ut
798 910 913 992 hostes,
936 913 963 975 si
977 933 1046 977 sese
1061 921 1194 998 querant
1215 922 1247 977 et
1260 915 1415 998 impetant,

317 1003 426 1058 contra
446 995 495 1058 ius
517 995 550 1060 id
570 995 703 1079 faciant3
727 996 773 1060 sic
788 996 871 1058 enim
887 1017 997 1059 eorum
1011 995 1103 1058 ruina
1116 995 1238 1060 facilius
1258 999 1415 1082 provenire

316 1079 426 1227 ppssit,
453 1100 524 1142 cum
547 1101 604 1143 sua
624 1080 800 1144 temeritate
822 1079 946 1164 quietos
968 1088 1000 1144 et
1020 1079 1167 1144 innoxios
1188 1080 1414 1166 aggrediantur.

355 1163 366 1224 i
397 1163 504 1248 itaque
536 1165 619 1226 acies
653 1163 827 1245 ordinavit,
860 1163 991 1228 insidias
1023 1163 1057 1226 in
1089 1171 1261 1249 prospectu
1292 1165 1414 1230 habens.

316 1245 458 1311 Herebat
486 1268 562 1331 ergo
593 1245 763 1346 hostesque
789 1257 981 1333 excepturus
1008 1249 1243 1394 opperiebatur.
1303 1248 1416 1312 Fulco‘

317 1328 484 1395 Cosanum
505 1329 666 1396 herentem
687 1331 799 1396 vrdens
830 1353 889 1395 nec
915 1330 1016 1396 abeo
1050 1352 1108 1396 oco
1130 1333 1290 1397 exiturum
1299 1333 1322 1416 d,
1350 1355 1415 1396 cum

315 1414 446 1478 insidias
467 1416 612 1496 nesciret,
637 1436 709 1479 suos
724 1413 822 1479 multo
837 1413 965 1480 hortatu
979 1415 1143 1498 suadebat,
1165 1417 1314 1501 quatinus
1330 1417 1416 1482 vehe-

315 1501 434 1563 menti⁰
457 1500 622 1563 conamine
650 1500 804 1584 impetum
834 1499 974 1564 facerent
1004 1499 1173 1585 hostesque
1201 1500 1333 1598 aggredi
1359 1523 1416 1565 non

315 1580 508 1664 dubitarent3
543 1581 583 1646 de
612 1583 763 1647 victorias
787 1604 850 1646 non
877 1582 1069 1665 diffiderent,
1103 1605 1175 1647 cum
1203 1607 1319 1648 vrrrum
1350 1607 1415 1670 spes

198 1667 237 1724 'a
253 1672 303 1716 stt·
315 1667 434 1765 optima
447 1688 511 1730 non
526 1665 615 1747 desit,
639 1667 666 1730 si
681 1667 866 1731 Divinitas&
880 1687 992 1732 aversa
1014 1672 1097 1731 *non
1118 1668 1166 1732 sit.
1209 1667 1296 1733 Dato
1317 1669 1360 1733 ita
1381 1691 1416 1732 ue

314 1772 405 1833 srgno
426 1751 559 1816 irruunt.
601 1750 757 1815 Arbitrati
779 1773 905 1837 quoque
928 1749 1063 1816 solidum
1085 1752 1157 1834 iter,
1185 1751 1278 1816 fossis
1300 1753 1375 1818 indu
1395 1753 1415 1814 i-

313 1843 377 1897 tate
399 1835 643 1919 propinquanth.

513 1953 563 2018 85.
604 1953 823 2038 Pracipitatioi
845 1953 983 2020 hostium
1005 1957 1039 2020 ai
1064 1954 1219 2021 Oonanoi.

398 2054 542 2141 Cumque
571 2055 753 2120 Brittannos
785 2065 872 2121 metu
900 2057 1044 2123 herentes
1076 2057 1322 2142 arbitrarentur,
1354 2057 1414 2123 telis

314 2137 505 2223 obnitentes,
528 2141 570 2204 ad
591 2140 692 2205 fossas
712 2142 844 2205 irruunt.
892 2142 1077 2226 Precipitati
1100 2163 1140 2206 ue
1167 2164 1240 2206 cum
1262 2144 1351 2228 equis
1375 2143 1413 2205 in-

312 2233 508 2309 merguntur,
530 2226 592 2290 aek
608 2245 702 2289 caeca
715 2225 807 2288 ruina
822 2225 952 2307 confusi,
968 2224 1043 2290 ada
1135 2227 1142 2267 ¹
1157 2226 1314 2290 inmersim
1329 2237 1413 2311 atque

312 2309 486 2393 compressi
508 2320 589 2374 sunt.
638 2307 683 2373 At
706 2309 862 2393 posterior
888 2311 1057 2391 exercitus,
1083 2310 1202 2396 priorin
1247 2311 1413 2398 reeipitato,

310 2402 400 2477 terga
421 2391 515 2457 dedit.
559 2392 653 2458 Unde
675 2402 707 2457 et
727 2391 837 2476 Fulco,
857 2395 942 2458 vitae
970 2403 1093 2458 tantum
1123 2416 1200 2459 cons
1236 2406 1326 2479 ens0,
1351 2415 1413 2479 pro-

311 2475 398 2560 fugio
422 2477 503 2562 eripi
524 2475 706 2541 conabatur.

631 2615 680 2679 86.
722 2613 922 2680 Interfectior
945 2613 1099 2680 Oonanir.

396 2715 499 2796 Quem
521 2737 593 2780 cum
615 2716 693 2802 fuga
715 2717 922 2801 exagitaret‘l,
946 2715 1096 2782 Conanus
1111 2717 1238 2782 interim
1258 2719 1293 2781 in
1316 2717 1411 2781 dume-

311 2809 379 2865 tum
401 2811 493 2864 cumr
513 2800 631 2864 tribusr
660 2822 728 2864 sese
750 2802 880 2886 recepit,
902 2801 1063 2886 armisque
1085 2801 1253 2887 depositis,
1279 2800 1410 2886 corporis

310 2883 466 2949 fervorem
480 2882 521 2947 ad
539 2894 666 2947 auram¹
689 2885 757 2946 miti
781 2882 864 2948 abst.
902 2885 1006 2966 Quem
1021 2884 1152 2971 quidam
1167 2885 1409 2951 adversariorum

310 2968 458 3049 intuitus,
490 2967 572 3031 facto
601 2967 724 3054 impetu
744 2907 832 3032 idum
854 2967 1001 3050 adorsus,
1028 2967 1133 3054 gladio
1160 2970 1321 3034 transfixit
1346 2963 1409 3031 Ful-

310 3053 461 3136 conisque
476 3051 641 3117 victoriam
660 3049 801 3116 extulit¹.
831 3051 957 3132 Fulco‘,
973 3053 1078 3116 animo
1096 3064 1271 3152 resumpto,
1290 3054 1409 3117 Namtas

309 3137 424 3222 repetit
446 3145 541 3223 atque
562 3137 595 3198 in
636 3135 755 3219 editur,
785 3137 895 3222 quiin
921 3157 992 3200 arce
1023 3145 1130 3200 erantu
1152 3147 1267 3202 acriter
1291 3153 1408 3202 vexans

312 3219 376 3300 Qui
408 3221 553 3307 principe
608 3220 726 3284 estituti
754 3241 836 3305 pene
870 3221 1049 3302 exanimes,
1082 3221 1274 3306 inpugnanti
1305 3217 1409 3286 cedunt

310 3303 468 3391 fidemque
490 3302 640 3391 postulati
660 3303 791 3372 faciunt.

356 3443 407 3508 87.
448 3441 652 3527 Repudiumv
673 3442 821 3528 reginaev
844 3441 1007 3507 Susannae
1029 3455 1070 3504 av
1091 3455 1188 3528 regev
1208 3443 1365 3509 Rotberto.

389 3542 451 3606 His
472 3544 517 3608 ita
538 3565 606 3608 sese
626 3541 827 3627 habentibus,
848 3544 1020 3609 Rotbertus
1041 3567 1100 3608 rex
1122 3565 1194 3608 cum
1215 3545 1250 3608 in
1273 3547 1320 3610 19.
1334 3548 1407 3604 aeta-

307 3626 347 3690 tis
368 3648 451 3690 anno
472 3627 645 3692 iuventutis
666 3626 744 3691 flore
765 3637 919 3710 vernaret,
943 3627 1122 3692 Susannam
1138 3650 1282 3712 uxorem,
1302 3643 1406 3712 genere

367 3796 389 3849 a)
406 3799 450 3850 Do,
466 3809 504 3850 na,
520 3800 550 3838 ho
580 3799 637 3841 absc.
702 3799 726 3854 b)
741 3811 798 3849 quas
815 3803 835 3843 1.
903 3799 923 3853 c)
939 3802 970 3841 tta
985 3801 1024 3841 boc
1038 3802 1084 3841 loco
1099 3813 1118 3841 e.
1184 3799 1207 3854 d)
1225 3814 1245 3845 s.
1261 3802 1373 3842 advertens
1387 3794 1405 3832 1·

308 3857 330 3912 e)
346 3857 418 3898 multo
435 3859 457 3898 1.
539 3855 660 3910 nvtrihus
677 3860 697 3898 1.
779 3857 802 3911 g)
819 3871 862 3910 sup
877 3861 940 3900 scribi
954 3865 1055 3910 coeptum.
1126 3859 1404 3913 h)proquantoorr.1²f0”

306 3918 420 3968 pinquant
436 3919 456 3956 1.
530 3913 547 3967 i)
563 3917 616 3968 Pte,
631 3918 656 3968 tt,
673 3927 687 3956 a
703 3917 720 3958 0
736 3918 792 3959 abac.
859 3918 883 3970 k)
902 3919 1005 3978 chaque
1023 3922 1043 3961 1.
1112 3917 1130 3972 1)
1146 3921 1178 3960 ito
1194 3911 1251 3972 (Ti)
1267 3932 1284 3961 c.
1347 3913 1374 3963 m)
1389 3911 1403 3949 ¹·

305 3979 358 4018 sunt
368 3977 389 4016 1.
449 3973 717 4027 n)n0nteprecrp1nn
731 3987 837 4026 superero.
852 3980 924 4028 priori
940 3984 958 4018 et
974 3989 995 4020 o.
1056 3977 1078 4029 ο)
1096 3980 1202 4019 consules
1217 3991 1274 4022 corr.
1285 3973 1401 4018 consulens·

305 4033 329 4087 p)
345 4036 381 4088 In,
398 4034 430 4076 Oo
446 4035 502 4076 abac.
563 4033 587 4087 q)
604 4039 627 4076 et
641 4046 683 4086 per
698 4036 747 4077 odd.
759 4038 779 4076 1.
840 4035 859 4089 r)
873 4039 982 4087 postodd.
1044 4035 1064 4088 s)
1078 4048 1099 4078 a.
1109 4039 1223 4078 mitiorem
1232 4041 1251 4080 1.
1309 4032 1325 4086 t)
1339 4029 1402 4072 Ful⁰0

306 4116 330 4125 -
348 4094 469 4145 repetitio
484 4093 529 4134 loco
544 4105 603 4136 raso.
665 4092 689 4147 u)
705 4097 753 4135 erat
768 4106 825 4136 corr.
841 4100 913 4138 erant.
974 4094 997 4148 v)
1014 4096 1055 4148 Re,
1071 4107 1104 4149 re,
1120 4108 1134 4137 a
1149 4107 1167 4137 r.
1184 4099 1240 4141 abac.

378 4211 406 4282 1)
422 4215 542 4283 Pugnam
556 4217 590 4268 ad
603 4219 691 4270 vicum
702 4218 891 4286 Conquiretum
905 4215 1106 4285 (Conquereux)
1120 4223 1226 4284 gestam«
1236 4209 1400 4268 attendants

305 4287 339 4338 cf.
352 4288 458 4339 Rudolf.
489 4290 566 4342 Glab.
580 4291 618 4355 II,
632 4293 657 4355 3,
677 4293 763 4359 Bouq.
778 4293 811 4355 X,
826 4309 853 4358 p.
870 4291 917 4355 153
936 4292 1013 4343 Pulc.
1028 4293 1099 4345 Hist.
1112 4293 1224 4359 Andeg„
1243 4291 1278 4342 ib.
1290 4305 1315 4355 p.
1331 4280 1399 4338 204³>

304 4360 477 4428 Marchegay,
499 4363 596 4416 Chron.
617 4363 664 4415 des
683 4364 781 4432 eglises
801 4361 915 4432 d'Anjou
933 4383 960 4434 p.
980 4365 1023 4418 22.
