2936 5010
7 419 9 456 l
273 408 428 460 RIOHERI
446 409 696 461 HISTORIARUM
714 409 826 462 LIBER
844 410 898 461 111.
1103 413 1154 463 117

57 575 176 660 prebeat
205 577 412 663 animumque
443 577 608 640 ministret.
656 573 729 637 Hoc
756 597 883 662 quoque
909 576 979 642 fieri
1004 577 1156 677 possibile
1165 596 1216 640 aar.

57 668 98 723 est
104 671 124 742 ⁸,
144 662 169 723 si
181 660 303 725 Romae
318 682 402 724 nunc
441 662 557 724 ositum
573 659 723 724 Ottonem
737 657 849 744 legatis
867 663 1029 744 premissrs
1045 672 1155 728 cautim

57 753 84 807 et
108 746 350 831 circumspectus
381 766 400 807 a
426 745 509 812 eris.
556 743 630 806 Non
657 744 741 806 enirn
767 745 813 806 sic
839 747 933 828 parvi
960 754 1008 809 est
1035 749 1155 832 ingenii

7 813 9 894 l
58 827 132 910 Otto,
152 837 187 892 ut
206 838 238 893 te
259 829 436 914 potioremh
457 827 607 894 Lothario
628 828 723 890 armis
745 834 776 891 et
798 827 937 911 opibusi
984 840 1060 912 oret,
1082 853 1156 895 eum

7 909 9 976 l
57 933 121 995 sepe
141 920 171 976 et
190 912 225 976 id
246 910 382 978 audierit
402 921 434 976 et
454 934 513 998 per
534 933 602 976 sese
625 933 666 974 ex
691 919 775 974 ertus
791 913 839 974 sit.
875 911 930 976 Un
953 922 1017 977 eet
1031 913 1154 978 facilius

8 989 11 1104 p
56 996 113 1058 eius
132 997 309 1059 amiciciam
339 995 541 1082 adipisceris3
575 1007 652 1081 ⁰pro
677 996 735 1059 erit
756 996 851 1058 etiam
873 998 1036 1082 sanguinis
1057 1000 1156 1063 vestri

8 1107 9 1150 3
56 1079 273 1165 propinquitas,
297 1101 371 1144 cum
392 1101 494 1165 aeque
516 1089 552 1143 ut
566 1078 735 1143 Lotharius
757 1079 787 1143 ei
808 1079 841 1144 in
857 1079 918 1144 hoc
934 1079 1153 1166 coniungaris’.

8 1207 9 1236 ,
127 1163 175 1227 84.
227 1163 319 1244 Quae
356 1164 512 1228 sententia
545 1161 669 1248 prolata
704 1162 908 1227 favoraliterl
943 1163 1018 1229 duci
1046 1163 1154 1229 habita

8 1293 9 1318 ,
56 1255 103 1310 est.
141 1247 271 1333 Legatis
293 1249 391 1333 igitur
412 1247 549 1329 directis,
572 1246 639 1310 dux
660 1247 821 1310 animume
839 1247 1021 1313 huiusmodi
1043 1247 1154 1313 Ottoni

8 1331 10 1413 'j
55 1329 141 1394 Rome
162 1331 326 1395 indicavit.
363 1332 439 1396 Otto
461 1333 542 1394 mira
563 1329 776 1396 benivolentia
796 1329 917 1416 legatos
933 1333 1069 1418 excepit.
1101 1333 1153 1398 De

55 1415 188 1478 amicicia
220 1437 283 1500 quo
308 1439 347 1480 ue
381 1417 463 1478 inter
489 1414 559 1478 illos
588 1413 735 1478 habenda
762 1437 795 1478 se
824 1417 1061 1500 paratissimum
1088 1439 1154 1480 non

9 1525 10 1528 ¹
55 1501 186 1583 negavit3
216 1438 306 1585 quod
332 1501 359 1563 si
388 1501 458 1585 ipse
480 1497 549 1562 dux
570 1498 612 1562 ad
633 1519 666 1561 se
688 1499 826 1580 veniret,
855 1507 891 1563 ut
912 1523 964 1564 am
989 1499 1048 1564 lius
1069 1511 1153 1566 uter-

56 1603 106 1666 que
124 1584 290 1648 amiciciae
312 1585 379 1648 vim
401 1585 609 1669 experiretur,
632 1603 704 1646 eum
727 1603 800 1644 cum
821 1584 887 1646 suis
909 1607 942 1648 se
958 1523 1107 1649 decenter
1122 1593 1153 1650 et

56 1685 116 1730 curn
135 1668 255 1731 honore
277 1677 496 1752 excepturum.
532 1667 646 1751 Legati
666 1667 785 1730 reversi
806 1667 881 1730 duci
901 1668 1051 1732 mandata
1069 1679 1152 1735 retu·

54 1746 152 1816 lerunt.
194 1751 275 1815 Dux
295 1752 395 1836 igitm·
417 1750 573 1837 quosdam
594 1771 728 1834 magnae
757 1749 944 1849 prudentiae
967 1762 998 1818 et
1018 1754 1153 1818 astutiae

55 1854 225 1918 assumens,
266 1833 437 1899 Arnulfum
477 1835 625 1900 videlicet
655 1832 929 1898 Aurehanensium
967 1839 1152 1924 episcopum

10 1955 11 1959 =
55 1926 136 2003 atque
162 1918 384 1982 Burchardum
410 1941 534 1982 necnon
562 1966 818 1982 .............
827 1919 838 1962 f
856 1919 995 2005 reliquos
1025 1944 1151 2008 quoque

55 2001 213 2067 admodum
238 2005 433 2067 necessarios
461 2004 562 2088 viros,
591 2003 725 2067 Romam
753 2003 965 2088 progreditur.
1015 2005 1150 2070 Sanctos

55 2086 199 2170 apostolos
220 2089 354 2152 honorat
374 2101 470 2174 atque
492 2088 537 2150 sic
559 2109 666 2171 regem
688 2088 778 2172 petit.

10 2275 11 2284 ,
258 2208 307 2273 85.
350 2208 499 2274 *Ottonis
521 2218 618 2269 cumss
639 2207 776 2290 Hugone
798 2207 929 2270 sessios.

10 2299 11 2320 ¹
124 2310 199 2375 Otto
228 2309 363 2395 gloriam
387 2310 449 2374 sibi
469 2329 583 2406 parare
607 2308 745 2392 cupiens,
769 2329 810 2371 ex
831 2307 987 2371 industria
1010 2308 1084 2392 egit,
1105 2316 1150 2391 ut,

10 2431 11 2476 3
55 2394 186 2458 omnibus
208 2415 228 2458 a
250 2392 397 2458 cubiculo
419 2414 507 2476 regro
530 2391 664 2471 emissis,
687 2391 754 2454 eius
776 2389 901 2476 gladius
924 2413 1020 2476 super
1041 2390 1150 2456 sellam

9 2479 12 2557 ᾗ
54 2473 198 2569 plectilem
225 2477 449 2565 deponeretur,
479 2475 547 2538 dux
576 2475 671 2539 etiam
699 2473 783 2538 solus
807 2496 880 2538 cum
908 2473 975 2539 solo
998 2476 1149 2562 episeopo

9 2603 10 2626 2
53 2561 289 2627 introduceretur
320 2571 364 2642 ut,
385 2582 461 2644 rege
478 2559 648 2623 Latiariter
669 2557 826 2644 loquente,
851 2559 958 2645 episco
982 2583 1020 2623 us
1031 2559 1150 2624 Latini-

9 2698 10 2702 ,
53 2645 111 2736 tatis
131 2611 297 2733 interpres³
309 2645 384 2710 duci
405 2643 559 2790 quicquid
580 2644 739 2709 diceretur
762 2643 925 2710 indicaret.
959 2583 1151 2730 introgressi

9 2769 10 2810 3
53 2727 135 2810 lgitur
155 2731 196 2794 ah
218 2731 317 2816 regell
337 2729 458 2814 ingenti
491 2749 587 2792 avore
609 2728 737 2813 excepti
752 2737 834 2792 sunt.
866 2729 937 2794 Rex
961 2729 1150 2794 iniuriarum

9 2813 10 2894 l
54 2812 200 2893 querelam
229 2814 370 2912 deponit.
419 2812 463 2876 Et
491 2811 649 2876 osculumi
672 2812 759 2892 dans,
789 2813 925 2898 gratiam
953 2814 1003 2877 sui
1027 2813 1150 2878 favora-

9 2901 10 2976 ]
53 2890 130 2960 literl
150 2899 254 2962 amico
276 2898 427 2983 rmpertit
473 2897 552 2961 Post
572 2895 672 2960 multa
694 2895 853 2982 colloquia
875 2899 914 2961 de
936 2897 1082 2960 amicicia
1096 2897 1149 2960 ha·

9 2981 10 3023 ³
53 2973 152 3059 benda,
179 3004 253 3046 cum
279 3005 339 3047 rex
364 2981 467 3046 exiret
492 2979 698 3066 gladiumque
727 2981 900 3065 respiciens
922 2991 1053 3066 peteret,
1081 2980 1149 3044 dux

9 3056 10 3126 l
53 3064 202 3142 paululum
223 3087 243 3128 a
264 3089 298 3130 se
320 3065 486 3130 discedens
508 3087 542 3129 se
563 3063 736 3146 inclinavit,
758 3076 794 3128 ut
815 3063 958 3148 gladium
972 3063 1096 3130 tolleret
1110 3087 1149 3130 ac

52 3161 110 3225 post
138 3173 247 3234 regem
275 3150 381 3214 ferret.
423 3148 495 3212 Hac
526 3148 611 3211 enim
639 3168 736 3210 causa
763 3170 859 3232 super
885 3147 992 3212 sellam
1020 3147 1148 3212 relictus

8 3263 9 3292 ι
52 3226 107 3315 fuit,
127 3243 172 3316 ut,
194 3233 272 3296 dum
293 3235 361 3298 dux
391 3233 535 3296 cunetisl
563 3231 767 3295 videntibusl
794 3229 956 3315 gladiuml
981 3231 1086 3313 ferret,
1114 3233 1148 3294 in

8 3331 9 3388 r
70 3319 219 3382 osteruml
241 3319 336 3382 etiam
359 3340 392 3381 se
414 3317 637 3401 portaturuml
652 3313 837 3378 indicaretk.
869 3315 1052 3400 Episcopus
1070 3336 1146 3378 vero

7 3403 9 3482 ξ
52 3333 112 3464 duci
133 3400 310 3484 consulens,
337 3399 479 3486 gladium
501 3398 542 3462 ab
566 3400 633 3463 eius
657 3421 755 3462 manu
776 3399 891 3484 rapuit,
922 3407 953 3462 et
973 3399 984 3460 i
1010 3420 1043 3462 se
1064 3397 1148 3463 defe-

7 3491 9 3560 1
51 3499 118 3568 rens,
139 3495 214 3572 post
234 3507 343 3571 regem
369 3484 509 3548 incessit.
553 3483 653 3548 Cuius
675 3483 876 3568 prudentiam
899 3483 959 3546 sim
1013 3489 1044 3546 et
1064 3490 1148 3546 ast-

51 3563 114 3631 tiam
134 3593 192 3635 rex
214 3569 398 3650 admiratus,
421 3566 508 3654 apud
530 3589 604 3631 suos
625 3577 737 3652 postca
757 3589 821 3630 non
844 3568 910 3631 sine
929 3565 1023 3631 laude
1039 3567 1147 3652 sepius

51 3644 255 3737 frequentavit.
290 3653 418 3717 Ducem
439 3673 566 3738 quoque
587 3652 620 3714 in
641 3649 779 3736 plurima
800 3652 945 3715 amicicia
963 3662 1147 3738 susceptum

52 3749 111 3799 eum
130 3737 249 3803 honore
271 3746 302 3801 et
323 3758 402 3823 pace
423 3758 505 3821 pene
526 3757 627 3821 usque
649 3734 691 3799 ad
711 3733 811 3820 Alpes
833 3735 951 3800 deduci
971 3735 1055 3802 fecit.

238 3858 287 3923 86.
330 3855 476 3944 Epistola
496 3856 638 3920 Lotharii
660 3855 701 3920 ad
723 3855 936 3922 Chonradum.

118 3959 287 4026 Lotharius
309 3982 368 4025 rex
388 3980 513 4023 necnon
535 3967 567 4022 et
587 3958 704 4021 Emma
730 3960 841 4044 regina
868 3957 999 4022 insidias
1027 3958 1146 4042 ubique

50 4043 203 4129 parabant3
233 4054 264 4108 et
291 4053 327 4108 ut
354 4044 389 4106 in
416 4043 529 4107 itinere
557 4041 742 4106 redeuntem
772 4053 931 4128 caperent,
959 4039 1049 4106 dolos
1076 4063 1146 4126 pre·

10 4252 11 4268 ι
99 4221 120 4275 a)
136 4225 301 4272 gloriosissime
317 4225 366 4265 add.
384 4226 404 4264 1.
456 4221 480 4276 b)
496 4226 649 4275 potentiorem
666 4226 685 4263 1.
736 4222 756 4275 e)
772 4222 839 4270 Quod
853 4225 879 4262 ut
894 4221 987 4260 facilius
1001 4221 1042 4261 flat
1056 4221 1106 4262 add.
1125 4224 1147 4263 1.

10 4283 11 4288 ’
53 4272 112 4323 lltla
127 4283 157 4322 se
176 4296 194 4326 c.
259 4282 281 4334 e)
297 4293 319 4324 a.
343 4294 410 4323 suum
433 4286 454 4324 1.
528 4282 621 4336 oleras
644 4288 706 4322 vacat
730 4283 754 4321 in
776 4293 793 4322 r.
855 4281 878 4333 g)
895 4282 914 4320 is
937 4291 996 4331 cum,
1012 4281 1073 4320 ossio
1088 4280 1145 4321 abac.

10 4333 11 4388 ζ
53 4330 72 4384 ¹1)
82 4347 128 4386 post
142 4343 191 4384 odd.
258 4341 275 4394 i)
292 4343 372 4382 oscula
389 4344 408 4381 1.
471 4340 496 4396 k)
513 4347 538 4383 ut
556 4365 581 4373 -
597 4342 711 4382 indicaret
725 4342 749 4380 ta
764 4351 840 4390 mara,
856 4340 894 4380 aba·
910 4350 975 4392 cunc,
990 4339 1040 4392 bus,
1058 4340 1104 4392 gla,
1120 4340 1145 4380 in

53 4399 92 4449 1³0⁸,
106 4409 118 4439 e
132 4411 180 4454 por,
196 4401 268 4441 iceret
282 4401 338 4442 abac.
