2936 5010
278 378 431 430 RICHERI
449 378 701 432 HISTORIARUM
719 379 832 433 LIBER
850 381 918 433 1111.
1103 387 1154 437 163

11 591 12 594 ,
43 545 211 610 Laicorum
239 567 315 632 ergo
344 555 468 611 tantum
497 547 752 612 communionem
779 549 809 613 ei
836 547 1016 635 reddentes,
1044 551 1214 621 illum⁸son

42 631 230 716 penitentiae
251 628 401 709 subdunt,
423 640 519 716 atque
541 631 588 695 sic
610 651 630 694 a
651 630 763 696 sinodo
785 633 878 697 soluti
900 644 981 699 sunt.
1027 636 1062 702 Si
1084 639 1155 724 quis
1164 640 1215 681 ¹¹¹³·
1232 641 1269 683 1⁷·

11 743 12 778 ς
42 723 140 780 autem
163 713 292 800 plenius
314 715 394 779 scire
415 714 560 797 voluerit,
584 714 661 800 quid
684 717 818 802 quisque
840 739 950 782 eorum
972 719 1013 786 de
1028 724 1155 786 canoni-

11 801 12 806 ’
42 799 94 862 bus
122 808 154 863 et
208 807 313 863 atrum
339 797 475 864 decretis
503 800 536 862 in
566 798 699 863 concilio
726 799 900 885 protulerit,
929 805 1007 888 quid
1028 827 1156 904 quoque

43 881 76 946 ab
98 883 144 946 eis
165 821 216 948 ibi
237 883 414 966 sanccitum
442 884 498 965 sit,
527 883 604 1010 quid
632 885 727 948 etiam
750 907 770 948 a
790 885 919 970 regibus
940 895 972 951 et
993 893 1155 990 episcopis

42 967 181 1032 Romano
205 966 351 1052 pontifici
373 965 530 1032 directum
552 1015 561 1049 ,
584 966 699 1054 quibus
743 991 849 1055 noque
871 992 1039 1036 causarum
1060 984 1155 1039 ratio-

42 1049 127 1115 nibus
161 1049 290 1114 Arnulfi
321 1050 481 1115 abdicatio
512 1052 661 1116 roborata
670 1064 691 1131 ⁰,
722 991 753 1118 le
776 1062 809 1118 at
835 1052 952 1120 librum
981 1055 1090 1120 domni
1123 1068 1155 1123 et

11 1199 12 1204 ,
43 1132 297 1222 incomparabilis
325 1135 386 1198 viri
416 1134 597 1217 Gerbertid,
629 1135 723 1200 huius
797 1137 873 1201 nulfi
906 1140 940 1203 in
967 1141 1154 1228 episcopatu

11 1217 12 1244 ³
43 1221 242 1302 successoris,
265 1219 321 1305 qui
343 1220 450 1283 omnia
469 1219 549 1283 haec
570 1219 694 1304 digesta
715 1223 889 1305 continens,
912 1224 992 1288 mira
1007 1224 1154 1312 eloquen-

11 1339 12 1342 =
43 1303 97 1367 tiae
123 1303 284 1368 suavitate
312 1302 460 1367 Tulliano
488 1301 614 1389 eloquio
642 1315 854 1390 comparatur.
910 1307 1153 1376 Obiectionibus

11 1421 12 1426 κ
43 1407 173 1473 namque
197 1397 230 1452 et
247 1387 516 1471 responsionibus,
539 1409 598 1452 con
622 1389 820 1454 uestionibus
835 1399 931 1476 atque
947 1393 1153 1477 orationibus,

11 1493 12 1498 ¹
43 1470 205 1538 invectivis
237 1472 489 1557 coniecturisque
519 1480 550 1536 et
571 1471 602 1535 d'
639 1471 812 1538 nitionibus
834 1473 986 1559 repletus,
1014 1475 1154 1542 luculen-

44 1555 156 1620 tissime
185 1576 225 1618 ac
253 1553 482 1620 rationabiliter
507 1557 668 1642 proponit,
698 1557 831 1622 assumit
858 1567 955 1643 atquc
985 1561 1153 1627 concludit.

45 1636 99 1716 Qui
119 1661 187 1703 non
211 1637 313 1703 solum
334 1637 531 1703 sinodalibus
554 1641 666 1723 causis,
696 1639 751 1704 sed
773 1650 873 1706 status
901 1641 1079 1709 rethoricae
1102 1667 1151 1709 co·

11 1727 13 1780 i
44 1723 264 1804 gnoroentibus
284 1721 436 1788 utillimus
457 1722 600 1789 habetur.

46 1839 85 1904 74.
101 1841 341 1930 *conquestae
357 1841 501 1908 Odonise
516 1844 623 1929 apude
641 1866 716 1908 suos
728 1843 788 1909 de⁰
799 1844 948 1910 Miliduni
962 1849 1218 1935 ereptione⁰.·r01.
1234 1882 1280 1925 ω’.

116 1945 264 2011 Intereaf
302 1945 395 2010 Odo¹
433 1968 539 2010 rerum
571 1967 702 2010 suarum
743 1959 948 2033 augmentum
989 1950 1151 2037 querebat

46 2024 128 2092 Unde
139 2041 172 2095 et
182 2028 271 2114 apud
282 2051 366 2110 suos,
382 2051 518 2114 quorum
531 2028 627 2094 fidem
642 2030 854 2096 indubitatam
868 2035 997 2111 sciebat,
1013 2045 1152 2100 castrum

12 2181 13 2192 ,
46 2108 263 2176 Meledunum²
285 2114 319 2176 in
334 2135 426 2176 suum
444 2115 494 2177 ius
515 2114 702 2196 translimdi,
724 2116 871 2201 parabat3
901 2116 972 2198 sibi,
994 2119 1027 2180 in
1051 2119 1151 2201 utens,

12 2223 13 2280 3
46 2195 250 2260 miserrimum
271 2197 347 2279 fore,
369 2196 456 2295 quod
476 2197 510 2260 in
533 2197 682 2284 Sequana
702 2198 800 2264 fluvio
822 2201 1023 2264 transmitten
1046 2223 1073 2264 rs
1096 2225 1150 2266 ex·

12 2299 14 2358 g
46 2279 186 2344 ercitibus
208 2279 314 2344 nullus
335 2279 397 2344 sibr
418 2281 568 2345 transitus
589 2292 726 2367 pateret3
748 2283 832 2347 unde
854 2293 886 2348 et
906 2284 939 2348 id
960 2285 1066 2347 animo
1089 2284 1151 2349 sibi

45 2360 194 2448 incidisse,
206 2366 377 2450 quatinuss
388 2363 587 2447 Milidunum,
600 2367 685 2451 quod
697 2377 744 2430 est
755 2365 992 2431 circumfluente
1001 2366 1151 2454 Sequana

45 2447 230 2513 tutissimum
251 2457 283 2514 et
304 2447 425 2534 duplici
436 2457 540 2596 Iportu
561 2451 718 2534 pervium,
740 2449 781 2514 ad
803 2473 893 2515 suam
914 2459 1038 2537 partem
1052 2461 1149 2518 retor-

64 2545 153 2615 ueret,
177 2555 251 2596 cum
272 2533 367 2598 etiam
388 2532 422 2595 in
465 2533 546 2617 igeri
567 2532 674 2618 plures
695 2531 757 2598 sibi
776 2543 886 2620 portus
906 2544 1067 2622 paterent3
1089 2558 1149 2601 nec

11 2627 13 2696 j
46 2549 77 2676 de
102 2618 255 2702 periuriih
276 2616 416 2682 facinore
437 2616 689 2698 formidandum,
723 2639 796 2682 cum
822 2617 901 2682 illud
927 2621 992 2684 iam
1018 2619 1060 2685 ab
1088 2642 1148 2686 avo

46 2716 217 2778 possessum
232 2702 274 2764 sit
295 2710 326 2765 et
346 2721 431 2764 nune
443 2721 509 2764 non
522 2723 556 2764 re
580 2701 617 2783 is,
639 2699 696 2764 sed
710 2699 838 2766 alterius
853 2701 1017 2769 habeatur.
1053 2705 1149 2770 Unde

11 2781 13 2868 ξ
47 2788 70 2842 ct
88 2785 234 2850 omnibus
255 2784 309 2872 qui
330 2783 426 2849 fidem
441 2723 641 2870 spondebant
661 2783 903 2852 accelerandum
918 2787 1082 2872 suadebat,
1103 2799 1148 2871 ut,

11 2869 13 2956 l
48 2884 235 2954 quacumque
255 2868 377 2933 ratione
398 2866 550 2950 valerent,
571 2867 613 2932 ad
634 2869 683 2932 sui
706 2867 883 2935 dominium
905 2872 1119 2938 transferrent.

11 2973 13 3040 l
71 2983 114 3050 75.
156 2988 321 3053 Inductioi
344 2986 399 3051 abi
420 2987 525 3074 legato
547 2987 670 3054 Odonis
691 2989 738 3052 ini
760 2989 922 3076 presidem
943 2991 1116 3058 Milidunii.

11 3043 13 3096 l
116 3090 209 3154 Tunc
237 3113 366 3155 suorum
387 3111 469 3154 unus
491 3091 585 3154 castri
606 3090 766 3177 presidem
787 3101 908 3177 petens,
934 3093 1148 3160 firmissimam

47 3172 206 3240 amicitiam
239 3173 366 3240 simulat
402 3175 563 3260 fidemque
594 3173 727 3238 multam
758 3173 934 3260 pollicetur.
990 3177 1085 3258 Quod
1117 3189 1149 3242 et

46 3255 191 3344 utrimque
213 3267 411 3323 sacramento
433 3280 510 3322 mox
531 3258 692 3322 firmatum
713 3257 780 3323 fuit.
823 3260 1050 3346 Presidemque
1072 3261 1147 3326 affa-
1251 3325 1253 3328 .

46 3343 94 3418 lus,
115 3344 204 3407 euius
226 3343 358 3408 antehac
380 3351 516 3408 castrum
538 3342 642 3424 luerit,
666 3344 798 3440 quaerit.
841 3341 909 3426 Ille,
931 3345 1020 3408 cuius
1041 3344 1147 3428 fuerit,

46 3437 98 3512 non
117 3425 237 3491 abnuit.
279 3427 343 3491 Iste
371 3448 511 3512 quoque:
546 3427 647 3510 ‘Quo',
675 3427 787 3512 mqnit,
817 3426 937 3493 ‘ordine
958 3426 1000 3491 ad
1021 3429 1147 3578 regum

46 3521 86 3568 lus
105 3510 270 3576 accessit'?
305 3509 363 3575 Ille
407 3531 513 3596 uoque
534 3510 620 3576 idem
641 3511 853 3598 prosequitur.
889 3509 933 3576 Et
953 3513 1058 3578 iste:‘
1089 3515 1148 3594 ur',

46 3583 143 3675 inquit,
169 3592 287 3659 ‘Odoni
306 3533 512 3680 preitdditium
533 3594 578 3677 fit,
608 3615 680 3658 cum
709 3597 939 3704 sepenumerok
967 3595 1059 3661 reddi
1085 3597 1147 3663 sibi

47 3674 167 3759 petierit,
190 3688 221 3743 et
239 3700 273 3742 se
292 3678 424 3744 inferior
445 3701 483 3744 eo
501 3700 586 3743 nunc
605 3679 773 3765 potiatur?
823 3680 1012 3764 ‘Quoniamss
1033 3682 1148 3769 inquit,

47 3752 83 3818 ‘id
101 3763 168 3860 regi
197 3763 243 3826 sic
269 3764 375 3827 visum
403 3766 468 3828 est.
511 3763 555 3827 Et
581 3764 655 3827 iste:
691 3763 857 3848 ‘Putasne',
885 3764 1004 3864 inquit,
1033 3767 1147 3852 ‘ipsam

47 3832 242 3911 Divinitatem
263 3869 327 3912 non
349 3847 475 3930 offendi,
505 3868 577 3911 cum
598 3855 722 3910 mortuo
751 3858 841 3933 patre
862 3847 1003 3935 pupillus
1024 3851 1146 3936 absque

97 4031 117 4083 ²)
130 4037 245 4085 poeseos.
310 4035 334 4089 b)
351 4037 373 4078 d.
389 4037 420 4077 sit
435 4040 456 4078 1.
526 4034 547 4088 c)
564 4048 582 4078 r.
599 4039 630 4078 sit
644 4039 664 4078 1.
734 4036 758 4090 d)
775 4037 801 4079 G.
816 4051 834 4079 c.
902 4036 924 4090 e)
941 4039 981 4092 Co,
1002 4035 1108 4091 omenta)
1124 4047 1146 4088 a,

49 4081 77 4135 ‘¹02
91 4099 126 4132 cre
140 4096 196 4136 absc.
235 4094 402 4146 ollccmulto
417 4095 510 4147 posto,
528 4098 548 4148 1,
564 4096 647 4136 dachas
662 4095 868 4148 vocabals'cposto
884 4098 961 4137 crarta
1005 4095 1029 4147 g)
1046 4097 1107 4145 qnod
1124 4098 1145 4138 1.

48 4139 67 4192 h)
80 4155 162 4196 peceati
178 4157 198 4198 1.
257 4153 529 4208 l)1n,ab,ln,ltobsc.
589 4153 614 4207 k)
631 4157 681 4196 stne
696 4155 764 4196 dubio
782 4157 802 4198 1.

112 4283 137 4347 l)
157 4285 197 4337 Of.
218 4301 242 4338 c.
259 4289 304 4339 40.
395 4287 423 4351 2)
441 4286 547 4351 Melnn3
569 4287 602 4338 cf.
622 4289 713 4340 Vitam
732 4285 889 4351 Burchcrdi,
908 4287 954 4354 qui
971 4286 1144 4340 Meledunurn

50 4345 77 4397 ab
94 4353 204 4424 Hugone
221 4365 367 4428 receperat,
387 4360 473 4428 Bouq.
492 4361 526 4425 X,
545 4377 571 4428 p.
591 4361 655 4412 354.

831 4445 892 4507 11*
