2936 5010
309 350 361 400 164
545 347 696 400 RIOHERI
715 347 968 401 masculanum
987 347 1098 399 LIBER
1117 347 1185 401 1111.

303 541 338 584 re
353 516 544 603 patrimonio
559 515 757 581 nuscetur?
790 515 834 580 Et
848 513 913 580 ille:
936 515 1013 596 ‘Ita’,
1029 516 1139 602 inquit.
1173 517 1226 582 ‘Et
1239 539 1300 582 non
1313 516 1403 581 solum

305 599 348 684 id,
372 600 428 664 sed
450 599 658 665 othonorum
681 600 859 686 desperatio
881 598 927 664 fit.
968 599 1050 681 Quis
1073 601 1403 688 eniminter⁸pri1na

305 695 352 750 tes
374 683 487 751 Odone
517 683 718 769 potentiori?
761 684 842 765 Quis
864 684 950 748 omni
970 683 1089 748 honore
1112 684 1269 770 dignior'?
1309 685 1405 770 Atque

304 769 346 834 ad
367 766 445 832 haec
465 769 539 834 iste:
562 767 625 850 (δι’,
647 767 759 854 inquit,
782 767 833 832 ‘ad
853 765 999 832 Odonem
1020 772 1190 834 transverti
1208 769 1318 852 velles,
1338 791 1405 832 num

306 851 459 952 quidnam
480 849 627 937 ampliori
641 852 784 938 potentia
797 861 828 916 te
842 873 908 916 non
922 850 1158 917 sublimandum
1171 852 1344 918 arbitrare?
1374 852 1406 916 Si

305 959 372 1002 erus
395 958 490 1019 esses,
513 939 580 1002 eius
603 937 670 1000 sine
693 934 790 1002 dubio
811 936 957 1022 gratiam,
980 935 1158 1020 consilium,
1180 961 1218 1002 su
1266 939 1341 1002 etius
1360 937 1406 1000 ha-

303 1019 406 1086 beres.
455 1020 518 1085 Pro
550 1041 613 1084 uno
648 1028 750 1084 castro
783 1017 921 1106 plurima
952 1019 1140 1107 possideres.
1191 961 1284 1088 [lille
1312 1030 1342 1086 et
1364 1022 1407 1085 tui

303 1105 441 1169 nominis
463 1102 564 1190 gloria
585 1125 622 1168 eo
644 1103 775 1168 ulterius
801 1105 877 1186 iret,
922 1125 963 1168 uo
983 1103 1120 1190 amplius
1140 1105 1269 1170 honoris
1292 1104 1407 1169 culmen

303 1187 356 1252 adi
379 1189 542 1254 iscereris'.
575 1185 633 1252 Ille
649 1209 740 1254 varo:
769 1127 975 1270 ‘Quomddo’,
997 1189 1031 1252 in
1055 1190 1110 1271 uit,
1132 1188 1263 1276 ‘absque
1285 1199 1406 1275 peccato

304 1280 335 1336 et
356 1211 512 1338 dedecore
532 1271 592 1336 heo
613 1271 682 1336 fieri
703 1293 797 1358 posse
819 1271 986 1337 confidis'?
1027 1211 1070 1336 llt
1090 1274 1149 1338 iste
1170 1275 1290 1360 inquit:
1318 1273 1359 1338 ‘Si
1378 1283 1407 1337 te

304 1377 378 1420 cum
407 1365 509 1421 castro
540 1353 648 1420 Odoni
680 1355 819 1439 confers,
853 1355 1006 1443 quicquid
1039 1355 1164 1422 sceleris
1195 1359 1286 1422 nasci
1313 1367 1405 1442 putas,

184 1457 225 1512 ’μ
245 1459 410 1504 orameum
432 1439 496 1523 fiat,
523 1462 628 1504 mcum
652 1440 784 1505 dicatur.
826 1441 970 1506 Poenas⁰
991 1439 1066 1505 inde
1087 1439 1173 1504 luam
1202 1450 1234 1506 et
1255 1447 1406 1504 *summae

302 1523 473 1589 Divinitati
498 1523 653 1588 rationem
679 1523 822 1589 reddam.
874 1523 1013 1590 Consule
1039 1523 1196 1590 nobilitati
1225 1535 1307 1590 tuae.
1346 1525 1405 1588 Fac

302 1616 430 1673 tuarum
459 1629 565 1672 rerum
587 1615 802 1694 augmentum.
845 1608 946 1672 Instat
972 1617 1107 1708 tempus.
1152 1610 1356 1695 Oportumitas
1376 1608 1406 1670 id

303 1691 423 1772 suadet,
446 1711 519 1754 oum
540 1693 718 1777 inpotentia
738 1691 892 1778 regnandi
913 1715 971 1757 rex
986 1693 1027 1758 sit
1095 1691 1201 1775 lorius,
1224 1704 1256 1758 et
1271 1692 1406 1757 Odonem

303 1776 486 1860 prosperior
508 1797 634 1861 semper
655 1784 805 1862 sequatur
826 1778 1011 1840 successus'.
1083 1799 1228 1842 ererum
1246 1778 1406 1863 promissa-

303 1879 375 1922 rum
401 1858 548 1943 cupidus,
578 1868 810 1924 sacramentum
839 1859 926 1945 petit.
970 1859 1035 1924 Iste
1056 1860 1132 1926 facit
1158 1871 1189 1926 et
1209 1883 1269 1946 pro
1291 1861 1406 1946 agendo

283 1942 431 2027 *negotio
453 1941 581 2006 obsides
604 1944 716 2030 querit.
747 1941 806 2007 Ille
826 1941 962 2007 multum
983 1943 1134 2008 honorem
1150 1967 1218 2010 sese
1233 1943 1406 2010 habiturum

303 2025 470 2108 arbitrans,
493 2023 621 2090 obsides
642 2025 717 2091 dare
738 2047 803 2091 non
829 2025 958 2091 distulit.
1003 2027 1092 2108 Quos
1114 2031 1173 2093 iste
1193 2039 1338 2114 receptos
1359 2028 1406 2092 do-

303 2131 392 2174 mum
414 2109 506 2174 duxit
527 2119 558 2175 et
580 2109 687 2176 Odoni
709 2112 815 2175 omnia
835 2110 914 2176 haec
935 2109 1050 2175 retulit.

180 2296 240 2342 ·r01.
256 2299 293 2341 aa.
516 2268 565 2334 76.
612 2266 808 2332 *Pervasiod
829 2266 1000 2331 Miliduni‘¹
1022 2269 1062 2333 ab
1086 2267 1208 2333 Odone.

386 2366 494 2433 Odoni
526 2371 649 2456 itaque,
681 2379 716 2433 ut
747 2369 866 2454 coeptis
898 2370 1009 2450 instet,
1044 2370 1163 2436 suadet.
1213 2371 1340 2436 Interea
1372 2369 1406 2433 ab

304 2451 417 2517 Odone
447 2455 559 2538 copiae
582 2453 664 2518 clam
685 2463 845 2538 parantur,
874 2463 909 2518 nt
930 2463 1068 2517 castrum
1089 2455 1287 2540 ingrediatur
1308 2467 1339 2520 et
1360 2476 1407 2540 op-

302 2535 409 2600 tineat.
453 2537 576 2602 Paratis
604 2546 720 2618 antem,
747 2546 890 2622 tempore
913 2545 1030 2602 statuto
1051 2559 1220 2622 aggressus
1242 2541 1362 2625 appetit
1381 2545 1407 2601 et

301 2617 489 2700 ingreditur.
541 2619 741 2684 Proditorem
773 2618 920 2686 simulato
952 2622 1058 2686 furore
1089 2622 1212 2688 invadit
1238 2631 1270 2687 et
1297 2621 1407 2687 carceri

302 2701 472 2786 mancipat.
517 2702 582 2783 Qui
602 2724 666 2766 non
687 2703 786 2768 multo
807 2713 880 2789 post
901 2725 1028 2769 carcere
1050 2707 1193 2789 emissus,
1217 2713 1405 2771 sacramento

303 2805 411 2848 coram
432 2785 529 2850 fidem
548 2785 625 2850 iacit
646 2797 678 2852 et
698 2787 814 2852 exinde
836 2788 878 2852 ad
900 2788 1108 2854 resistendum
1130 2811 1202 2853 cum
1218 2789 1332 2855 Odone
1347 2809 1406 2854 sese

302 2877 404 3016 parat.
456 2869 547 2950 Quae
576 2870 681 2933 omnia
707 2869 749 2934 ad
776 2893 888 2956 regum
915 2893 1006 2938 aures
1035 2895 1111 2937 mox
1138 2873 1242 2938 delata
1263 2874 1405 2939 feruntur.

333 2974 408 3037 eges
429 2952 469 3018 de
491 2955 587 3018 castri
601 2953 771 3018 amissione
786 2957 945 3037 commoti,
967 2957 999 3020 in
1015 2956 1120 3022 hostes
1134 2957 1250 3023 milites
1266 2966 1405 3044 parant⁰;

302 3045 526 3122 proponentes,
548 3037 589 3103 ab
619 3036 783 3102 obsidione
804 3060 869 3102 non
897 3061 966 3104 sese
987 3039 1200 3124 discessuros,
1229 3041 1333 3107 donec
1359 3047 1406 3104 aut

303 3132 523 3206 expugnatum
544 3123 709 3208 recipiant,
731 3131 794 3206 aut,
817 3123 845 3186 si
865 3145 916 3188 res
938 3135 1101 3209 exposcat,
1124 3147 1197 3190 oum
1217 3124 1309 3191 hoste
1332 3144 1405 3190 com·

302 3204 408 3268 minus
429 3207 513 3271 vires
535 3215 567 3271 ct
587 3227 676 3270 arma
701 3205 872 3270 conferant.

506 3344 556 3408 77.
598 3341 775 3410 Accessusf
794 3368 906 3430 regum
927 3346 969 3410 ad
990 3344 1206 3411 Milidunum‘.

386 3445 510 3510 Paratis
536 3445 581 3510 ita
603 3468 643 3510 ue
670 3447 786 3533 copiis,
815 3457 1035 3533 expugnatum
1064 3450 1228 3514 accedunt
1271 3448 1316 3513 Et
1340 3445 1405 3534 quia

302 3536 442 3592 castrum
474 3530 594 3592 circum
618 3539 711 3596 uente
742 3531 891 3629 Sequana
922 3531 1136 3615 ambiebatur,
1167 3533 1229 3659 ipsi
1259 3533 1293 3596 in
1323 3532 1404 3596 litore

302 3611 406 3695 primo
439 3621 542 3676 castra
573 3613 621 3677 dis
646 3623 759 3697 onunt;
795 3637 829 3678 ιιι
864 3613 1033 3682 ulteriore&
1066 3617 1183 3681 accitas
1239 3618 1404 3703 piratarum

302 3695 387 3757 acies
420 3695 574 3758 ordinant.
622 3635 667 3762 itt
693 3719 733 3760 ne
763 3719 826 3784 quo
858 3699 1099 3766 intercideretur
1131 3701 1264 3782 obsidio,
1299 3699 1403 3766 classes

302 3785 439 3842 armatas
460 3779 494 3841 in
515 3777 612 3842 fluvio
631 3780 878 3869 circumquaque
893 3783 1053 3850 adhibent.
1086 3787 1199 3870 Itaque
1212 3784 1331 3848 factum
1343 3780 1403 3857 fuit,

301 3867 337 3924 ut
368 3859 488 3926 fluviali
520 3862 685 3948 superficie
716 3867 817 3948 vecti,
849 3876 989 3931 castrum
1020 3867 1125 3933 navali
1158 3889 1267 3954 pugna
1299 3866 1403 3932 acriter

302 3953 459 4032 urgerent.
497 3944 680 4013 Castrenses
702 3970 766 4012 non
784 3951 923 4035 impares
944 3952 977 4014 in
1002 3953 1196 4037 ugnantibus
1219 3950 1401 4017 obninmtur.

301 4029 363 4094 Pro
385 4029 507 4095 viribus
529 4039 659 4096 certant.
701 4031 902 4098 Adversariis
923 3973 1009 4100 nulio
1031 4036 1126 4101 modo
1149 4035 1275 4102 cedunt.
1318 4034 1401 4100 Oum-

363 4217 386 4271 a)
402 4221 427 4261 tn
447 4233 504 4262 corr.
525 4223 596 4264 luter.
661 4220 685 4274 b)
707 4225 809 4274 potentio
830 4235 888 4266 corr.
911 4227 1035 4276 potentior.
1103 4224 1123 4278 c)
1147 4227 1223 4267 Penas
1244 4238 1301 4268 corr.
1323 4225 1399 4264 Peon!-

301 4273 326 4326 d)
343 4280 414 4332 vasto,
430 4281 456 4320 ni
470 4281 525 4323 abac.
601 4279 622 4332 o)
639 4284 706 4331 parat
721 4294 779 4324 corr.
795 4287 885 4334 parant.
969 4284 1051 4338 Onus,
1068 4287 1097 4326 ad
1113 4286 1164 4326 Mtlt
1179 4285 1236 4326 abac.
1309 4283 1332 4336 e)
1347 4280 1400 4320 ¹¹⁰¹ss

301 4344 384 4379 ecorr.
444 4335 468 4390 h)
484 4341 571 4380 accitae
586 4351 643 4381 corr.
661 4342 735 4382 accita
749 4353 767 4383 o.
