2936 5010
321 391 371 442 154
555 387 708 439 RICHERI
728 386 980 440 HISTORIARUM
1000 388 1111 440 LIBER
1129 389 1197 441 1111.

255 556 525 642 oa1.Lingonensis
547 555 727 642 episcopus,
748 552 825 619 Milo
846 555 1088 620 Matisconensis
1111 559 1293 643 episcopus,
1322 557 1422 642 Sigui-

202 637 253 678 ¹¹¹¹²·
272 634 397 706 ¹⁷·nus⁸
420 640 650 706 Senonensium
675 637 935 724 metropolitanus
964 661 1036 704 cum
1058 643 1138 723 suis,
1165 640 1300 706 Arnulfo
1326 641 1421 704 Aure-

314 725 448 791 lianensi
469 726 630 810 episcopo,
652 721 811 788 Herberto
833 722 1086 789 Autisiodorensi
1107 727 1270 812 episcopo.
1310 725 1374 806 Qui
1392 725 1422 788 in

315 832 413 876 unum
431 808 639 890 considentes,
662 807 882 872 diversorumb
896 807 1037 872 locorum
1052 809 1193 890 abbates,
1217 811 1273 896 qui
1287 810 1421 890 aderant,

316 904 389 982 post
410 893 581 959 solitariam
604 893 652 956 sui
674 890 920 977 disputationem
943 914 1051 956 secum
1074 893 1244 960 consedere
1259 896 1422 958 iusserunt.

317 1053 367 1118 52.
400 1048 617 1116 Deliberatio⁰
632 1049 672 1112 de
687 1047 861 1132 dignitate⁰
876 1048 1035 1114 habendic
1050 1051 1154 1116 iuditii
1171 1062 1203 1116 et
1218 1049 1395 1136 prelaturas
1402 1062 1421 1112 ⁰.

399 1154 451 1220 De
480 1151 627 1217 habenda
655 1152 752 1236 igitur
780 1151 908 1234 sinodo,
940 1154 1061 1218 ratione
1087 1153 1187 1236 facta,
1217 1152 1421 1218 ordinandum

317 1237 491 1326 putabant,
528 1238 581 1300 cui
637 1245 753 1300 otestas
785 1234 947 1300 iudicandi
979 1236 1020 1301 de
1052 1236 1185 1322 singulis
1221 1239 1421 1318 conferretur3

190 1331 429 1410 'r01.4o'.*quem
452 1321 547 1386 etiam
568 1259 808 1386 habendarumd
837 1321 995 1384 rationum
1022 1321 1186 1386 custodem
1213 1331 1308 1408 atque
1336 1323 1422 1384 inter-

317 1417 438 1558 pretem
468 1404 753 1470 accommodarent
803 1403 970 1468 Iudicandi
998 1406 1104 1492 itaque
1130 1405 1269 1491 dignitas
1296 1406 1422 1492 Signino

343 1491 549 1556 enonensium
577 1486 819 1574 metropolitano
841 1489 1011 1554 commissa
1039 1499 1103 1572 est,
1137 1511 1174 1554 eo
1203 1490 1291 1575 quod
1318 1490 1422 1554 aetatis

317 1575 494 1643 reverentia
515 1583 546 1639 et
565 1574 650 1638 vitae
671 1572 784 1636 merito
811 1570 983 1658 plurimum
1010 1573 1292 1638 commendaretur.
1337 1571 1422 1640 Ordi-

317 1661 414 1726 nandi
445 1680 521 1723 vero
549 1655 683 1722 facultas
715 1677 761 1719 ac.
785 1657 1003 1742 magisterium
1034 1658 1265 1756 interpretandi
1296 1655 1421 1722 Amulfo

318 1742 539 1810 Aurelianensi
560 1743 710 1826 episcopo
733 1739 853 1806 credita
875 1750 930 1823 est,
953 1763 990 1806 eo
1013 1741 1098 1828 quod
1119 1765 1188 1828 rpse
1209 1744 1292 1807 inter
1314 1740 1421 1807 Gallia-

317 1851 390 1892 rum
419 1829 587 1912 episcopos
616 1823 734 1910 eloquii
762 1825 880 1890 virtute
909 1835 941 1888 et
969 1825 1105 1891 efficatia
1133 1825 1260 1890 dicendi
1288 1825 1422 1890 florebat

319 1912 379 1976 His
401 1932 477 1996 ergo
500 1909 546 1972 sic
567 1908 694 1990 habitis,
716 1917 789 2005 post
810 1907 885 1972 cleri
906 1910 1096 1992 incressum,
1126 1910 1289 1974 sententiis
1315 1909 1356 1975 ad
1376 1931 1421 1972 ne·
1456 1983 1457 1986 Ἴ

318 1995 441 2081 gotium
462 1993 649 2058 facientibus
670 1992 818 2075 recitatis,
840 1963 992 2058 maulia
1013 1995 1059 2057 sic
1079 1995 1220 2080 prefatus
1243 1995 1301 2060 ait:

550 2131 601 2196 53.
644 2128 809 2195 Elocutioe
831 2131 975 2196 Arnullie
997 2133 1050 2196 ine
1073 2133 1194 2198 sinodo.

174 2258 243 2305 earo.
259 2269 277 2299 e.
292 2259 312 2302 a.
404 2236 584 2318 ‘Quoniam
607 2241 712 2320 patres
727 2235 901 2316 reverendi,
924 2234 1195 2298 serenissimorum
1214 2257 1325 2319 regum
1342 2234 1421 2296 iussu

320 2343 445 2386 necnon
466 2330 498 2386 et
519 2339 627 2385 sacrae
645 2317 806 2403 religionis
822 2340 918 2382 causa
932 2318 994 2382 huc
1010 2319 1224 2402 convenimus,
1246 2317 1344 2384 multa
1357 2316 1420 2397 fide,

321 2404 419 2470 multo
449 2405 543 2469 etiam
573 2403 676 2468 studio
707 2402 882 2468 cavendum
910 2401 1051 2485 videtur,
1080 2426 1119 2468 ne
1145 2424 1221 2485 nos,
1251 2405 1306 2488 qui
1330 2401 1421 2488 gratia

321 2491 422 2554 sancti
445 2488 582 2574 Spiritus
610 2485 665 2560 hic
692 2484 816 2552 collecti
843 2509 968 2568 sumus,
998 2495 1053 2551 aut
1079 2487 1187 2551 odium
1216 2485 1348 2550 alicuius
1374 2493 1420 2547 aut

321 2595 411 2637 amor
432 2595 451 2635 a
471 2570 669 2637 rectitudinis
690 2593 802 2634 norma
824 2569 1003 2635 exorbitare
1024 2570 1128 2636 faciat.
1165 2571 1208 2635 Et
1230 2573 1305 2656 quia
1325 2570 1374 2634 hic
1393 2569 1421 2630 in

321 2656 450 2720 nomine
478 2654 610 2719 Domini
641 2653 765 2719 collecti
796 2677 914 2735 sumus,
946 2664 1019 2719 ante
1051 2664 1258 2740 conspectum
1291 2672 1420 2718 summae

322 2740 508 2805 Divinitatis
529 2735 677 2802 veridicis
700 2740 861 2803 sententiis
890 2737 1041 2804 debemus
1063 2740 1171 2803 omnia
1191 2739 1329 2824 agitare;
1353 2734 1420 2800 nulli

322 2821 473 2910 loquendi
493 2821 600 2886 locum
622 2823 794 2907 surripere,
816 2824 943 2888 veritati
964 2844 982 2886 o
1007 2844 1093 2886 eram
1115 2824 1206 2906 dare3
1227 2845 1288 2908 pro
1302 2822 1419 2888 veritate

323 2906 494 2973 vivaciterl
516 2915 613 2988 stare,
636 2915 746 2970 contra
761 2905 884 2972 obiecta
899 2845 1097 2992 simplicibus
1112 2929 1151 2972 ac
1165 2909 1254 2993 puris
1270 2903 1418 2973 sententiis

324 3001 355 3056 et
375 2989 538 3056 intendere
559 2998 590 3054 et
610 2988 810 3074 respondere.
852 2990 1033 3078 Unicuique
1056 2990 1181 3056 debitus
1207 2992 1309 3056 honor
1329 3010 1419 3056 serve-

323 3085 384 3140 tur.
434 3073 573 3139 Dicendi
599 3083 739 3160 potestas
769 3073 915 3140 omnibus
941 3076 990 3140 sit.
1039 3075 1229 3141 Intendendi
1256 3078 1368 3141 etiam&
1393 3077 1419 3134 et

323 3159 487 3225 refellendi
508 3157 636 3224 libertas
660 3157 805 3222 omnibus
828 3180 980 3223 concessa
1002 3160 1051 3224 sit.
1094 3159 1188 3224 Nunc
1210 3161 1334 3242 deinde,
1355 3175 1418 3244 quo-

323 3247 410 3309 niam
438 3266 488 3308 me
516 3253 589 3308 ante
619 3265 728 3307 omnes
756 3242 815 3306 fari
842 3242 1002 3324 voluistis,
1037 3265 1165 3308 causam
1193 3245 1287 3309 huius
1310 3238 1418 3308 sinodi¹1

325 3352 431 3394 coram
453 3326 638 3394 edicendam
660 3326 805 3406 arbitror,
829 3330 975 3413 quatinus
997 3329 1078 3393 bene
1100 3328 1224 3414 digesta
1239 3328 1419 3394 omnibusot

324 3423 372 3478 est
391 3414 546 3478 videatur.
579 3411 762 3477 Clarissima
782 3409 836 3475 illa
856 3411 1030 3476 Remorum
1050 3412 1234 3498 metropolis
1256 3412 1419 3499 proditione

324 3498 438 3582 nuperi
460 3517 594 3582 pervasa
615 3495 656 3560 ab
678 3493 822 3560 hostibus
844 3494 912 3559 fuit.
952 3495 1070 3560 Sancta
1092 3507 1275 3561 sanctorum
1296 3495 1419 3560 hostium

323 3583 367 3643 im
393 3589 445 3643 ctu
467 3582 679 3644 contaminata
695 3589 782 3663 sunt3
805 3581 1018 3644 sanctuarium
1033 3581 1097 3644 Dei
1111 3581 1238 3646 nefariis
1256 3581 1419 3666 quibusque

325 3602 490 3738 violatum3
515 3665 600 3726 cives
622 3685 747 3749 quoque
769 3686 789 3727 a
807 3663 1003 3764 predonibus
1030 3664 1154 3752 direpti.
1200 3664 1341 3746 Quorum
1366 3679 1419 3724 ma·

324 3745 426 3809 lorum
454 3744 505 3809 ille
534 3755 643 3810 auctor
672 3768 741 3811 esse
771 3749 988 3832 er1minaturl,
1019 3750 1073 3836 qui
1101 3749 1142 3814 ab
1168 3748 1312 3814 hostibus
1338 3740 1419 3811 tutan'

325 3828 444 3912 debuit,
466 3827 618 3894 Amulfus
640 3830 782 3895 eiusdem
802 3832 891 3897 urbis
906 3833 1088 3920 episcopus.
1120 3833 1193 3897 Hoc
1208 3835 1238 3898 ei
1252 3831 1418 3897 intenditur·

324 3913 377 3979 Ad
397 3914 458 3978 hoc
481 3913 714 3978 discutiendum
735 3915 850 4002 regalis
872 3917 1011 4002 dignitas
1033 3916 1085 3981 hic
1106 3939 1164 3982 nos
1186 3916 1319 4003 collegit.
1358 3910 1418 3978 nla-

324 4000 434 4064 borate
461 3999 574 4084 igitur,
603 4008 709 4085 patres
737 3999 920 4084 reverendi,
949 4022 989 4066 ne
1017 4003 1111 4066 unius
1140 4001 1275 4088 perfidia
1295 3999 1418 4084 dignitas

325 4081 529 4149 sacerdotalis
549 4081 698 4148 vilescat'.
724 4127 728 4134 -

384 4271 407 4325 a)
423 4275 459 4314 Ex
473 4275 594 4325 provlncla
609 4272 738 4315 senonensi
753 4274 801 4324 sig.
818 4284 847 4314 m.
864 4277 884 4318 1.
944 4275 968 4328 b)
984 4277 1127 4318 diversarum
1144 4279 1164 4320 1.
1218 4275 1239 4329 c)
1254 4287 1286 4328 ra,
1301 4273 1365 4323 dignis
1379 4267 1419 4318 ”db

325 4333 390 4380 prela
405 4333 460 4372 abac.
522 4331 545 4384 d)
561 4333 680 4376 habendae
695 4334 791 4374 rationis
801 4335 821 4375 1.
876 4331 898 4386 e)
914 4336 950 4388 nl,
967 4335 1085 4390 Ar(nulfl),
1101 4338 1126 4377 in
1142 4337 1197 4380 absc.
1249 4336 1266 4386 f)
1282 4337 1355 4375 contra
1367 4337 1419 4385 91⁰ss·

326 4391 374 4430 lum
390 4392 409 4432 1.
471 4388 494 4443 g)
507 4396 557 4441 post
573 4393 622 4436 aad.
683 4390 707 4444 h)
725 4393 802 4433 elnonl
817 4403 834 4435 r.
895 4391 912 4446 i)
929 4406 951 4445 p.
969 4396 1025 4436 olim
1041 4396 1070 4437 ab
1087 4400 1107 4438 1.
1167 4393 1192 4448 k)
1209 4395 1292 4436 dicitur
1307 4395 1325 4434 1.
