2938 5016
297 375 451 426 RICHERI
471 374 725 428 HISTORIARUM
743 375 855 428 LIBER
874 377 898 430 Ι.
1126 380 1157 430 1³

53 543 206 607 inmaiore
221 543 327 626 gratia
341 539 429 628 apud
443 563 551 628 regem
567 564 636 606 sese
651 542 762 608 haberi
778 553 913 630 putaret,
937 554 1045 631 utpote
1083 567 1157 610 uem
1168 570 1219 613 sao.

53 627 153 690 ducem
173 628 207 689 in
229 625 352 690 Celtica
375 625 522 690 omnibus
544 625 749 712 prefecerat¹,
780 649 852 692 cum
881 651 940 694 rex
961 631 1016 692 in³
1037 567 1157 715 piractio

53 709 181 792 sedisset,
211 711 279 774 eius
307 712 396 774 iussu
421 711 489 774 dux
517 707 659 793 dexteri,
692 711 830 797 Hagano
859 734 986 860 quopue
1013 715 1041 777 ei
1063 711 1157 778 levus

52 796 176 878 pariterc
197 794 325 858 resedit.
369 793 541 858 Rotbertus
562 795 662 859 vero(i
684 794 751 858 dux
772 797 868 860 tacite
889 799 923 860 in
946 800 1056 882 ignum
1078 797 1157 862 fere-

52 879 106 960 bat,
126 900 296 964 personam
322 878 539 942 mediocrem*
562 877 624 942 sibi
648 881 778 965 aequari
798 879 1065 966 magnatibusque
1085 905 1156 968 pre-

73 964 125 1026 oni.
157 964 203 1027 At
215 965 298 1026 iram
312 965 472 1048 mitigans,
488 963 630 1026 arrimum
646 961 876 1046 dissimulabat,
897 966 954 1029 vix
968 967 1037 1049 regi
1050 988 1157 1051 pauca

53 986 172 1111 lbcutus.
217 1046 359 1112 Celerius
381 1068 459 1140 ergo
481 1047 591 1131 surgit,
613 1069 651 1111 ac
667 1069 740 1110 cum
756 1049 821 1112 suis
837 1048 1003 1112 consilium
1025 1049 1153 1115 confert.

53 1130 126 1210 *Quo
152 1130 275 1213 collato,
301 1131 370 1216 regi
396 1153 455 1217 per
481 1129 603 1216 legatos
632 1132 786 1217 suggerit,
818 1154 887 1196 sese
919 1131 1058 1218 perferre
1090 1145 1223 1198 non'sol.
1237 1149 1267 1192 θ’.

52 1236 134 1298 posse
155 1214 217 1278 sibi
239 1215 453 1300 Haganonem
475 1216 605 1300 aequari
633 1215 886 1302 primatibusque
914 1216 1079 1299 anteferri3
1108 1219 1155 1282 in-

53 1299 172 1383 dignum
193 1300 291 1363 etiam
311 1297 423 1380 videri,
455 1297 639 1362 huiusmodi
665 1297 827 1363 hominem
854 1302 923 1387 regi
951 1302 1091 1383 haerere,
1124 1311 1156 1366 et

54 1381 205 1448 Gallorum
225 1382 440 1446 nobilissimos
461 1381 556 1468 longe
577 1381 740 1447 absistere.
786 1385 890 1464 Quem
911 1387 973 1450 nisi
988 1387 1022 1448 in
1036 1386 1155 1450 medio-

53 1469 182 1531 critatem
203 1467 337 1550 redigat,
368 1488 437 1530 sese
466 1489 540 1532 eum
569 1465 689 1531 crudeli
716 1490 769 1531 sus
794 1468 887 1533 endio
916 1470 1153 1534 suffocaturum.

51 1551 113 1614 Rex
133 1550 239 1615 dilecti
259 1553 467 1636 ignominiam
488 1573 553 1615 non
571 1573 694 1636 passus,
716 1552 777 1616 faoi
792 1553 839 1616 'us
855 1574 888 1616 se
904 1555 1046 1617 omnium
1061 1552 1154 1617 collo-

53 1637 117 1719 quio
133 1657 228 1720 quam
250 1635 344 1698 huius
358 1633 574 1699 familiaritate
595 1657 690 1720 posse
713 1657 829 1719 carere,
852 1637 1024 1722 respondit.
1058 1637 1154 1718 Quod

51 1719 173 1782 nimium
192 1718 364 1784 Rotbertus
385 1720 578 1803 indignatus,
601 1740 674 1782 cum
697 1720 904 1805 optimatibus
925 1719 1086 1807 plerisque
1108 1724 1154 1786 in-

52 1804 163 1866 iussus⁶
185 1803 367 1867 Neustriam
388 1805 469 1888 petit
489 1825 527 1868 ao
545 1803 682 1867 Turonis
705 1827 774 1868 sese
796 1807 925 1891 recipit3
953 1805 1086 1870 multam
1108 1803 1154 1870 ibi

51 1887 85 1950 de
103 1888 183 1972 regis
204 1887 332 1952 levitate
360 1887 632 1973 indignationemf
653 1886 790 1972 habens;
822 1889 959 1975 plurima
987 1891 1093 1972 etiam,
1120 1900 1155 1954 ut

51 1971 131 2034 inse
158 1971 397 2036 transfimdatur
428 1993 534 2035 rerum
567 1993 701 2052 summa,
733 1972 820 2058 apud
852 1996 926 2038 suos
959 1984 1051 2039 caute
1108 1996 1154 2038 er-

52 2063 184 2120 tractans.
230 2056 452 2136 Quamvis**·s
479 2057 596 2120 etenim
628 2057 721 2140 regis
757 2058 887 2140 faveret,
920 2071 1007 2122 nont
1034 2080 1085 2122 me
1112 2059 1154 2122 'o-

52 2140 133 2202 eriter
152 2149 283 2204 tament
304 2142 334 2203 ei
354 2162 489 2224 regnum
510 2137 706 2221 invidebas,
729 2162 802 2204 cum
824 2142 886 2205 sibi
907 2152 1003 2227 posta
1024 2142 1154 2207 fratrem

51 2220 302 2287 hereditandum&
324 2225 428 2309 magis
449 2223 581 2288 videret.
624 2223 784 2288 Nonnulla
800 2245 926 2311 quoque
940 2225 1153 2289 moliebaturh

52 2307 79 2368 in
96 2307 267 2372 Falconem
287 2309 461 2372 Remorum
489 2305 777 2392 metropolitanum,
806 2309 861 2393 qui
885 2331 995 2393 regern
1016 2332 1037 2372 a
1059 2331 1153 2372 cuna-

52 2389 123 2454 bulis
143 2391 335 2458 educaverat
355 2402 451 2478 atque
473 2393 506 2455 in
534 2413 668 2476 regnum
697 2402 900 2477 promoverat
910 2404 931 2456 ².
974 2391 1154 2456 Videbatur

52 2477 163 2558 etenim,
192 2479 277 2562 quia,
308 2477 383 2540 siis
405 2475 507 2540 solum
529 2475 696 2562 deperiret,
726 2475 850 2540 facilius
875 2475 1000 2540 refimdi
1029 2479 1063 2540 in
1085 2499 1153 2541 sese

52 2579 172 2644 regnum
203 2563 368 2647 potuisset.
412 2561 451 2624 Id
484 2561 580 2624 etiem
612 2559 699 2644 apud
730 2559 924 2626 Balduinum
955 2562 1154 2626 Morinorum

52 2645 237 2730 principem³
252 2645 425 2709 admodum
440 2667 460 2709 a
482 2643 592 2708 itabat.
628 2645 693 2708 Hic
708 2646 793 2709 enim
808 2645 849 2710 ab
867 2669 904 2710 eo
915 2647 958 2678 ***
973 2669 1153 2732 persuasus,

52 2727 108 2792 eius
128 2739 234 2815 partes
256 2730 337 2792 iami
360 2751 434 2814 rege
458 2667 583 2792 deserto
605 2728 806 2814 sequebatur.

156 2865 269 2917 cottidie
289 2881 426 2931 egressum
445 2865 517 2930 regis
537 2879 553 2914 a
572 2864 754 2930 penetralibus
768 2865 845 2916 auiae
859 2865 1047 2931 prestolantur.
1086 2865 1154 2917 (ium

152 2955 216 2990 vero
235 2937 338 2988 nullum
359 2939 397 2988 eis
417 2938 451 2988 ab
470 2951 536 3000 rege
562 2953 718 3004 responsum
731 2955 790 3004 per
816 2938 874 2988 dies
900 2943 1013 3004 quatuor
1038 2939 1154 3003 daretur,

152 3013 298 3063 Heinricus
317 3011 346 3061 id
365 3011 552 3062 molestissime
572 3011 670 3074 ferens,
691 3013 789 3063 dixisse
804 3011 895 3072 fertur,
916 3015 961 3062 aut
975 3011 1154 3078 Haganonem

154 3085 316 3152 quandoque
337 3101 396 3134 eum
410 3084 509 3136 Kerolo
529 3091 710 3149 regnaturum,
729 3091 775 3136 aut
787 3084 914 3136 Karolum
930 3101 990 3135 cum
1003 3087 1154 3151 Heganone

154 3159 188 3208 ad
209 3175 297 3210 rerum
316 3157 530 3208 mediocritatem
546 3157 736 3222 deventurum3
761 3159 958 3225 indignansque
978 3174 1042 3222 rege
1061 3161 1153 3210 incon·

152 3233 223 3283 suite
245 3231 377 3282 discessit.
411 3229 616 3282 Elkehardue⁴.

111 3302 133 3371 *)
150 3305 298 3372 ignobilem
321 3306 346 3355 1.

99 3375 133 3446 “)
152 3379 280 3441 Quamvis
301 3404 333 3414 -
354 3377 459 3428 videret
478 3377 494 3424 2
513 3376 542 3427 in
557 3393 639 3444 marp.
716 3374 764 3442 m)
784 3374 823 3426 ita
843 3375 873 3440 23
894 3391 910 3424 a
930 3376 1058 3426 lietberto
1080 3377 1103 3426 1.

97 3484 301 3538 a)inp.poetadd.
347 3484 456 3537 b)eeorr.
503 3483 617 3538 endas.
664 3485 688 3538 d)
698 3498 719 3528 r.
728 3487 769 3527 at
792 3487 816 3525 ia
825 3485 870 3525 loco
879 3497 930 3524 raso
947 3485 968 3524 2.
1013 3483 1153 3535 enceladi.

50 3539 263 3592 Oqaenmonieml.
303 3546 326 3598 g)
337 3546 364 3598 Q,
374 3556 526 3599 r,non,men,
535 3549 611 3598 vi,po,
620 3547 716 3587 ditatae.
763 3542 787 3596 b)
796 3546 864 3596 irat,
880 3545 979 3584 moliens
988 3545 1008 3586 1.
1047 3543 1152 3596 nadab.

112 3621 139 3690 1)
153 3626 193 3676 ef.
209 3641 233 3679 c.
249 3625 291 3676 14.
367 3624 395 3687 2)
409 3623 537 3674 Falconis
551 3623 662 3674 eaedem
675 3625 754 3675 rebus
767 3624 925 3690 Haganonis
938 3638 1078 3690 perperam
1092 3640 1155 3676 con-

50 3691 120 3761 iungi,
134 3697 187 3749 iam
207 3713 335 3749 annorum
355 3696 420 3747 ordo
440 3698 505 3748 satis
525 3695 698 3748 demonstrat.
738 3695 779 3748 (li.
800 3695 834 3748 de
848 3695 1080 3749 eadunvedast.
1093 3697 1155 3760 900,

50 3781 69 3827 p.
87 3770 143 3824 209.
236 3770 266 3837 3)
285 3770 431 3821 Flandriae
451 3771 586 3821 comitem.
668 3768 698 3836 4)
716 3770 837 3821 Fabulae
863 3771 955 3833 huius,
987 3771 1052 3822 licet
1075 3772 1155 3838 genio

49 3837 143 3894 Richeri
156 3846 256 3911 optime
270 3845 422 3907 conveniet,
437 3843 539 3894 nullum
552 3845 580 3894 in
595 3843 689 3895 codice
702 3846 854 3908 vestigium,
872 3860 923 3894 nec
937 3860 996 3894 eam
1010 3861 1027 3895 a
1040 3845 1155 3895 Richero

50 3916 182 3974 proiectam
209 3933 277 3980 esse,
302 3918 419 3968 narratio
438 3915 507 3967 inira
534 3931 593 3984 cap.
613 3915 658 3969 20.
685 3918 718 3968 de
746 3933 827 3968 causa
851 3918 1008 3969 inimicitiae
1034 3919 1156 3968 Heinrici

50 3987 160 4044 ostendit.
189 3989 220 4042 P.
261 3990 302 4041 cf.
322 3989 517 4056 Forsehungen
536 3989 589 4055 111,
614 4007 641 4057 p.
663 3991 729 4054 1453
754 3991 847 4042 Jahrb.
866 3991 997 4041 Heinrich
1016 3991 1038 4041 1.
1059 4009 1085 4056 p.
1106 3991 1155 4053 30;

52 4063 71 4108 tt
86 4065 165 4127 praei.
202 4065 338 4131 Equidem
357 4063 559 4132 Ekkehardum,
580 4065 626 4130 qui
644 4065 713 4115 haec
732 4065 831 4130 apertis
843 4064 933 4114 verbis
948 4063 1035 4113 eidem
1050 4061 1155 4115 Gallico

51 4129 249 4206 historiographo
268 4137 369 4198 tribuit,
390 4152 422 4187 ex
442 4151 494 4204 quo
514 4137 568 4188 alia
587 4135 671 4188 multa
690 4153 758 4204 quae
778 4139 850 4204 apud
869 4137 1013 4187 Richerurn
1032 4135 1156 4202 leguntur

52 4202 186 4277 descripsit,
205 4211 318 4262 infolio
338 4215 430 4262 assuto
449 4213 503 4262 iam
524 4209 664 4277 deperdito
683 4213 817 4262 invenisse
836 4211 959 4276 putarim.
999 4211 1073 4271 Quae
1092 4223 1155 4260 vero

52 4281 383 4337 c.20‚t1adunturantea
403 4286 504 4352 scripta
521 4285 603 4336 inisse
623 4290 735 4350 oportet,
760 4283 876 4348 ideoque
897 4299 956 4334 cum
976 4283 1017 4334 his
1037 4297 1156 4350 pugnare

52 4351 89 4401 vix
107 4355 158 4408 dici
175 4364 294 4425 possunt.
323 4359 367 4409 W.
