2936 5010
10 433 11 472 ,
262 389 416 442 RICHERI
435 389 688 442 HISTORIARUM
707 388 818 441 LIBER
837 390 905 442 1111.
1108 391 1159 442 159

10 475 12 626 l
52 567 141 643 atque
162 556 203 622 ab
226 556 362 622 ecclesia
382 556 527 623 fidelium
552 557 727 642 suspendit,
755 557 960 622 Remensium
982 559 1160 658 predonum
1169 573 1218 614 ⁹⁹1·

10 629 12 736 l
51 651 202 723 auctores,
223 641 368 724 factores,
392 649 622 727 cooperatores,
638 641 777 706 fautores
792 651 823 706 et
837 664 857 706 a
871 663 929 727 pro
954 643 1009 706 riis
1025 633 1219 708 dominis¹¹¹¹²
1235 633 1271 676 ¹⁷·

10 739 12 794 l
52 747 152 789 rerum
175 724 233 789 sub
256 727 425 811 emptionis
446 727 575 791 nomine
597 723 834 791 abalienatores.
880 664 967 791 Sesill
988 747 1061 790 cum
1082 728 1161 792 tanti

11 835 12 882 l
52 809 122 873 mali
146 811 319 897 episcopus
348 818 461 874 auctor
488 811 613 892 existat,
644 808 844 874 anathemate
872 808 1034 874 involutus
1062 812 1161 876 mani-

11 885 12 962 l
52 892 215 959 festissime
237 904 332 978 patet.
366 893 462 976 Quod
484 895 580 958 etiam
602 892 644 956 ad
666 894 733 958 cius
756 895 1075 979 condempnationem
1096 918 1161 960 non

11 1004 14 1044 2·
53 978 214 1041 minimum
234 976 334 1043 valet’.

151 1119 201 1184 64.
244 1116 447 1202 Indignatiol
470 1115 614 1181 Gualteri
636 1117 800 1203 episcopi⁰
821 1117 854 1180 in
875 1115 1054 1181 Arnulfum.

130 1236 300 1303 Gualterus
321 1235 621 1322 Augustudunensis
648 1237 818 1323 episcopus
848 1237 947 1302 dixit:
981 1237 1044 1301 ‘An
1065 1236 1312 1302 male-ceruam.

54 1341 143 1385 sanae
164 1321 279 1385 mentis
300 1320 353 1384 hic
380 1321 551 1406 episcopus
578 1343 642 1384 non
664 1331 721 1403 est,
751 1321 806 1419 qui
827 1343 886 1406 pro
908 1344 941 1386 se
963 1321 1161 1387 defensiones

13 1471 14 1474 ,
54 1405 165 1488 nititur,
193 1427 268 1469 cum
288 1402 418 1489 regibus
444 1415 475 1469 et
501 1415 549 1469 tot
575 1406 720 1491 patribus
748 1427 815 1470 erus
843 1406 994 1492 iniquitas
1021 1403 1159 1470 dilucide

54 1499 153 1574 pateat
174 1499 205 1554 et
225 1490 355 1575 insuper
375 1487 543 1574 presbiteri
565 1487 720 1553 malorum
744 1491 863 1553 conscii
885 1491 1064 1555 testimonio
1086 1511 1159 1554 con-

55 1573 218 1639 vineatur?
271 1572 324 1636 An
355 1573 425 1657 ipse
456 1571 532 1637 mali
563 1575 710 1638 inventor
741 1572 918 1658 periculum
951 1572 1159 1639 anathematis

55 1658 181 1722 evadere
203 1659 317 1745 potuit,
347 1677 420 1720 cum
449 1658 516 1741 ipse
539 1656 614 1720 mali
635 1659 781 1723 inventor
802 1667 833 1722 et
853 1659 958 1723 fautor
978 1660 1159 1723 inventores

56 1751 82 1806 et
99 1743 257 1807 factoresl
278 1741 482 1826 fautoresque
503 1740 736 1806 maledictionis
758 1740 820 1807 telo
842 1742 1004 1826 perfodit?
1038 1741 1091 1806 An
1112 1744 1158 1829 ip-

56 1847 116 1889 sam
144 1826 356 1892 Divinitatem
386 1823 446 1889 hec
477 1825 694 1911 perpenderee
716 1848 781 1890 non
803 1826 1035 1909 animadvertit,
1068 1827 1161 1890 cums

57 1911 200 1996 scripturn
222 1912 271 1992 sit,
295 1909 382 1995 quod
404 1906 485 1972 oculi
506 1909 639 1974 Domini
660 1913 692 1974 in
715 1911 801 1974 omni
815 1908 885 1975 loco
906 1909 1159 1996 contemplantur

56 1993 146 2059 bonos
168 2005 200 2060 et
220 1993 342 2058 malos?
384 1993 428 2056 Et
449 2003 533 2058 certe
555 1993 706 2076 arbitror,
736 1995 812 2082 quia
842 1995 925 2060 dixit
951 1997 1104 2082 insipiens
1126 1997 1159 2058 in
1168 2013 1234 2054 rrov.
1252 2011 1286 2065 1⁵,
1297 2012 1319 2054 ³.

58 2078 143 2142 corde
165 2102 238 2143 suo:
260 2077 333 2142 Non
355 2086 402 2142 est
415 2077 516 2141 Deus.
548 2076 801 2144 Animadvertite
823 2101 899 2163 ergo
921 2089 1038 2164 patres,
1062 2101 1205 2165 quamrs.
1222 2107 1258 2159 ss,
1275 2109 1294 2148 1.

13 2225 14 2230 ,
57 2165 185 2310 corrupt}
207 2171 280 2226 sunt
300 2170 332 2226 et
353 2159 606 2226 abominabiles&
626 2163 702 2227 facti
724 2171 797 2226 sunt
818 2164 851 2226 in
873 2163 985 2227 studiis
1008 2164 1073 2227 suis
1095 2163 1157 2226 fac-

56 2252 98 2308 tor
117 2257 147 2312 et
178 2249 287 2311 autor’.

57 2382 99 2446 65.
147 2384 270 2450 Odonis
299 2385 442 2470 episcopi
469 2382 663 2448 admonitioh
690 2383 730 2448 de
756 2382 890 2448 iuditioh
920 2383 1125 2448 accelerando
1134 2385 1158 2448 ¹¹.

13 2564 17 2588 ,
131 2503 202 2570 Odo
218 2502 462 2569 Silvanectensis
485 2505 653 2591 episcopus
669 2504 750 2568 dixit
761 2517 788 2568 ¹:
811 2504 981 2586 ‘Quoniam
995 2502 1158 2588 religionis
1168 2523 1196 2564 cr.
1213 2534 1231 2566 ο.
1248 2525 1282 2567 rs.

13 2593 14 2597 ’
58 2605 143 2652 causa
174 2597 206 2654 et
235 2589 325 2652 iussu
357 2589 631 2654 serenissimorum
662 2611 776 2674 regum
804 2587 856 2653 hic
886 2587 1010 2652 collecti
1038 2609 1158 2672 sumus,

59 2681 178 2737 nonest
199 2671 409 2738 differendum
430 2671 567 2737 habendi
588 2673 692 2738 iuditii
713 2694 857 2737 examen.
900 2673 939 2738 Id
960 2672 1045 2736 enim
1066 2695 1158 2760 reges

59 2755 265 2836 prestolantur.
310 2755 421 2823 Olerus
443 2765 474 2821 et
495 2756 586 2843 plebs
615 2758 700 2822 idern
730 2767 908 2842 expectant.
952 2755 1020 2821 Nec
1049 2767 1098 2822 est
1126 2759 1159 2820 in

12 2867 13 2888 κ
59 2836 268 2905 diversissimis
301 2842 526 2907 sententiarum
555 2840 730 2907 rationibus
762 2842 882 2907 diutius
914 2841 1157 2924 immorandum,

12 2919 13 2937 ³
61 2941 122 2987 cunr
143 2947 194 2990 res
210 2925 252 2990 sit
267 2925 397 2990 evidens
419 2934 450 2990 et
463 2924 569 2990 iuditii
583 2927 664 2991 ratio
679 2927 712 2990 in
727 2935 876 3012 promptu
893 2927 942 2991 sit.
975 2925 1026 2990 Dc
1042 2926 1158 3012 quibus

11 3013 13 3096 l,
60 3017 114 3070 non
134 3008 234 3074 solum
256 3019 384 3096 patrum
406 3011 537 3075 statutai
563 3009 682 3096 legitis,
710 3033 821 3075 verum
848 3011 943 3075 etiam
968 3031 1025 3094 per
1051 3031 1159 3074 conse-

11 3099 13 3156 ἒ
61 3095 191 3174 quentiae
212 3115 318 3158 rerum
340 3094 489 3180 equitatis
514 3115 679 3158 censuram
701 3095 842 3181 proferre
863 3116 927 3158 non
947 3094 1119 3178 ignoratis'.

61 3243 103 3309 66.
134 3248 259 3314 Amulii
279 3251 492 3336 persuasor-¹
514 3251 555 3315 ad
577 3251 757 3316 defensores
766 3252 783 3334 ¹,
805 3260 840 3315 ut
860 3248 971 3314 libere¹
987 3247 1157 3334 disputent.

132 3369 283 3436 Arnulfus
311 3369 550 3435 Aurelianensis
581 3375 689 3458 episco
715 3394 752 3435 us
782 3371 877 3435 dixit:
906 3369 1019 3452 ‘Licet,
1052 3377 1187 3454 patreso.
1206 3391 1241 3430 n.

61 3455 228 3534 venerandi,
250 3456 309 3521 hec
332 3456 505 3521 certissime
527 3478 560 3519 se
582 3459 628 3520 sic
649 3394 795 3537 habeant,
817 3464 852 3519 ut
873 3453 912 3519 de
933 3452 1067 3517 Arnulfo
1089 3475 1159 3538 pre-

62 3533 201 3622 dicantur,
222 3538 430 3626 plurimisque
451 3541 613 3604 sententiis
657 3549 761 3604 atrum
782 3541 865 3604 iusto
887 3537 999 3603 iuditio
1014 3537 1159 3602 damnari

62 3618 161 3707 valeat,
183 3633 300 3706 tamen,
321 3647 362 3688 ne
382 3622 549 3689 videamur
570 3623 609 3688 de
624 3562 729 3688 listris
743 3625 836 3688 ruina
849 3622 982 3688 letantes
996 3632 1028 3687 et
1042 3621 1076 3686 in
1091 3622 1158 3686 eius

62 3698 250 3772 damnatione
271 3707 391 3796 absque
412 3709 497 3773 iusto
524 3707 679 3790 ardentes,
702 3706 903 3773 statuendum
925 3707 1086 3772 communi
1107 3706 1159 3770 de-

64 3797 136 3854 creto
167 3793 316 3876 arbitror,
349 3801 393 3874 ut,
427 3793 620 3878 quicumque
649 3793 712 3856 inm
739 3793 807 3857 eius
829 3791 1010 3856 defensione
1038 3790 1159 3890 aliquid

63 3866 154 3939 dicere
175 3877 294 3959 nititur,
323 3875 430 3941 locum
451 3875 636 3942 defensandi
656 3875 787 3960 habeat,
816 3875 961 3940 revolvat
988 3873 1159 3955 volumina,

114 4062 134 4114 a)
149 4065 218 4107 Ouios
233 4065 385 4106 anathematis
403 4067 423 4107 1.
483 4063 506 4116 b)
523 4067 577 4118 atto,
598 4066 702 4116 episcopt
717 4068 774 4107 abac.
835 4065 856 4118 c)
873 4067 903 4118 to,
920 4065 939 4104 is
955 4063 1011 4104 abac.
1072 4060 1095 4112 d)
1111 4062 1159 4102 fou·

64 4117 116 4161 tores
131 4125 149 4166 l.
222 4123 245 4176 e)
261 4136 308 4165 non
322 4137 346 4176 p,
364 4126 383 4167 l.
457 4121 574 4176 Oecorr.
592 4127 611 4166 l.
687 4123 710 4176 g)
728 4127 818 4166 abhom.
836 4127 856 4167 1.
931 4120 955 4174 h)
972 4123 1047 4174 admo,
1068 4121 1159 4174 iuditio,

65 4177 168 4288 blopiiwi
241 4182 258 4236 ί)
276 4185 370 4225 decreta
386 4185 406 4224 1.
482 4182 507 4235 k)
523 4184 609 4224 suante
624 4194 680 4224 corr.
698 4185 783 4227 suasio.
858 4181 875 4234 l)
891 4191 940 4234 per,
955 4181 1030 4232 defen,
1045 4189 1084 4220 ere
1099 4180 1155 4222 abac.

130 4371 155 4439 1)
172 4375 212 4426 Ab
231 4376 272 4426 his
290 4375 370 4443 longe
391 4375 497 4428 diversa
515 4376 587 4445 apud
607 4376 764 4428 lietbertum
783 4373 916 4440 leguntur.
