2936 5010
289 357 442 452 monast
461 359 713 412 mascularum
731 359 843 414 LIBER
861 361 915 414 111.
1136 365 1172 416 87

62 535 148 592 oeret.
181 527 297 612 Equus
319 547 395 612 ergo
417 547 476 612 per
496 527 586 590 invia
606 536 746 610 coactus,
770 530 890 614 cespite
906 529 1038 596 offendit
1055 539 1234 618 atque¹asa

64 609 242 696 prolabitur.
291 610 362 674 Rex
393 630 469 674 vcro
502 610 690 695 gravissime
722 612 849 676 attritus
882 633 967 696 casu,
1001 623 1033 679 et
1058 635 1079 677 a
1105 616 1170 680 suis

60 705 218 780 exceptus,
246 715 321 757 cum
352 692 451 759 multo
482 695 625 758 omnium
653 696 796 760 meroreb
825 695 943 762 Remos
974 697 1014 762 de
1039 707 1169 765 ortatur.

63 777 181 842 Infestis
209 781 255 842 ita
277 799 317 842 ue
345 775 508 842 doloribus
535 786 602 842 toto
629 799 762 864 corpore
789 777 977 848 vexabatur.
1058 791 1071 846 t
1097 791 1171 867 post

60 860 209 927 diutinam
230 799 438 926 silitudinem
468 862 625 946 corruptis
652 863 784 926 interius
804 864 981 929 visceribus
1003 864 1044 928 ob
1059 864 1170 930 humo·

62 958 143 1009 rum⁶
179 944 447 1032 superfluitatem,
489 942 671 1010 elefanciasi
711 955 801 1033 peste
843 955 910 1011 toto
945 946 1170 1014 miserabiliter
1267 999 1270 1006 .

62 1051 186 1115 corpore
208 1028 419 1115 perfimditur.
464 1029 538 1109 Qua
559 1028 679 1094 diutius
693 1029 865 1114 confectus,
886 1031 991 1096 anno‘¹
1013 1033 1104 1116 regni
1118 1033 1169 1097 sui

63 1114 105 1195 18,
136 1135 156 1177 a
177 1123 257 1178 natu
277 1122 384 1177 autem
406 1113 482 1194 36¹,
511 1111 596 1176 diem
625 1113 709 1179 vitas
732 1111 846 1180 clausit
867 1123 1045 1180 extromum
1066 1115 1243 1201 sepul-sept.
1259 1135 1282 1179 a.

59 1207 167 1284 tusque
189 1197 293 1262 estin
318 1197 473 1261 coenobio
502 1195 730 1261 monachorum
757 1199 857 1263 sancti
879 1198 1019 1284 Remigii
1027 1212 1049 1281 ⁸,
1081 1199 1169 1286 quod

60 1279 147 1347 distat
167 1281 234 1347 fere
244 1280 255 1324 f
266 1279 402 1366 miliario
417 1301 482 1344 uno
497 1279 538 1344 ab
549 1281 638 1364 urbe,
654 1301 727 1344 cum
738 1280 845 1346 multis
857 1282 999 1347 omnium
1011 1281 1167 1349 lamentis.

397 1535 586 1602 luemus
606 1537 740 1602 LIBER
761 1538 821 1602 III.

7 1737 8 1740 Ἴ
136 1659 163 1722 1.
194 1659 357 1723 Peractish
384 1665 491 1722 autem
513 1658 669 1746 exequiis,
698 1657 879 1744 Gerbergai
908 1661 1021 1746 regina
1047 1659 1169 1746 legatos

7 1763 9 1814 ξ
57 1740 160 1842 dirigit
187 1741 361 1807 fratribus*
387 1741 478 1824 suist,
507 1741 619 1807 Ottoni
645 1743 714 1828 regi
743 1763 781 1806 ac
802 1743 947 1808 Brunoni
974 1767 1016 1810 ex
1043 1743 1170 1831 presule

7 1903 8 1908 ἵ
57 1824 135 1908 ducr,
167 1847 294 1892 necnon
325 1836 357 1891 et
388 1824 520 1910 Hugoni
553 1824 730 1890 Galliarum
762 1827 846 1910 duci,
878 1823 989 1913 petens
1018 1851 1078 1914 per
1105 1851 1170 1912 eos,

6 1937 8 1984 5
59 1907 237 1975 Lotbarium
259 1908 359 1973 filium
382 1931 476 1972 suum
498 1910 532 1973 in
552 1931 688 1996 regnum
702 1913 785 1996 patri
801 1911 951 1977 defirncto
967 1912 1170 1978 succedere¹.

6 2023 8 2048 ι
58 1992 239 2058 Adveniunt
260 1994 369 2092 itaque
391 1993 432 2058 ab
455 1991 572 2058 Ottone
593 1994 694 2079 ragel
723 2016 833 2060 omncs
860 2019 902 2061 ex
928 1995 988 2061 Bel
1012 1997 1061 2061 ‘ca
1088 1996 1170 2062 duce

6 2103 8 2164 ,
58 2075 203 2143 Bumone
225 2078 398 2223 qrincrpes,
421 2077 477 2140 sed
499 2087 592 2143 etex
616 2077 791 2142 Germania
812 2077 921 2165 aliqui.
954 2079 985 2143 A
1010 2089 1058 2144 est
1071 2082 1167 2146 etiam

5 2185 7 2208 ³
60 2160 148 2246 Hugo
175 2161 353 2225 Graiarum
383 2159 459 2225 dux.
509 2159 711 2226 Conveniunt
740 2183 868 2248 quoque
896 2163 1103 2248 Burgundiae
1137 2173 1169 2228 et

5 2253 7 2328 j
58 2243 245 2310 Auitaniae
267 2243 423 2330 simulque
451 2255 484 2310 et
505 2243 642 2310 Gothiae
671 2246 842 2330 principes.
891 2246 1048 2331 Episcopi
1069 2247 1168 2310 etiam

5 2349 7 2362 ²
57 2267 225 2394 ediversis
247 2329 414 2414 regionum
436 2327 568 2392 urbibus
591 2329 792 2393 conveniunt.
824 2330 932 2415 Atque
952 2328 985 2392 bi
1007 2349 1116 2394 omnes
1133 2331 1168 2393 in

59 2413 162 2478 urbem
176 2413 352 2478 Remorum
373 2411 458 2498 apud
475 2411 671 2497 Gerbergam
694 2434 728 2476 re
754 2413 838 2476 'nam
858 2413 929 2511 pari
949 2423 1025 2478 voto
1041 2411 1167 2478 collecti

4 2503 8 2558 5
58 2507 133 2562 sunt.
178 2496 334 2562 Omnium
355 2495 391 2559 fit
412 2517 595 2560 consensus.
640 2435 799 2562 Omnibus
813 2517 920 2560 ammo
935 2497 1027 2579 inest,
1050 2495 1166 2562 Lotba-

4 2573 6 2588 “
58 2581 133 2645 rium
154 2583 241 2668 patri
263 2579 413 2644 defuncto
435 2579 617 2645 succedere.

4 2749 6 2760 ,
134 2685 164 2748 2.
197 2683 431 2748 Universorum
458 2682 565 2768 itaque
593 2702 750 2746 consensu
770 2701 790 2744 a
811 2679 929 2746 domno
951 2680 1085 2746 Artoldo
1108 2683 1167 2748 Re-

4 2769 6 2796 *
58 2788 176 2832 morum
197 2765 452 2852 metropolitano,
480 2765 607 2830 favente
628 2766 778 2830 Brunone
806 2767 874 2830 cius
901 2764 1058 2830 avunculo
1081 2766 1167 2852 prin-

4 2871 5 2902 1
60 2851 243 2938 cipibusque
265 2850 462 2915 diversarum
483 2851 626 2934 gentium
654 2847 868 2930 laudantibus,
896 2849 1065 2915 Lotbarius
1088 2848 1167 2914 duo·

58 2933 180 3000 dennis¹
210 2957 269 2999 rex
296 2943 421 2999 creatur
442 2933 475 2996 in
503 2932 636 2999 basilica
664 2934 767 2997 sancti
793 2933 931 3019 Remigii
939 2945 969 3015 ¹¹¹,
999 2933 1054 2998 ubi
1076 2942 1168 3019 pater

4 3083 5 3094 ἶ
59 3038 128 3084 suus
175 3017 350 3083 tumulatus
393 3037 466 3080 cum
508 3015 579 3081 aliis
621 3015 752 3101 regibus
794 3015 927 3103 sepultis
971 3017 1166 3104 quiescebat.

4 3105 5 3110 ’
60 3099 253 3188 Creatusque
275 3123 342 3183 rex,
364 3123 384 3164 a
404 3110 505 3165 matre
529 3099 695 3186 Gerberga
722 3099 880 3186 simulque
909 3111 942 3166 et
966 3101 1167 3187 principibus

4 3211 5 3262 l
60 3183 284 3267 Landunumr,
316 3185 373 3250 ubi
405 3206 447 3248 ex
474 3185 606 3270 antiquo
635 3184 724 3269 regia
753 3205 824 3248 esse
856 3183 949 3248 sedes
981 3183 1166 3267 dinoscitur,

4 3267 5 3272 ’
59 3282 147 3333 cum⁰
170 3290 289 3354 magna
309 3290 417 3333 rerum
437 3266 611 3332 ambitione
632 3265 759 3332 inclitus
779 3265 955 3332 deducitur.
998 3267 1079 3330 Dux
1093 3287 1168 3331 con-

60 3353 140 3418 tinue
155 3354 186 3419 ei
200 3351 385 3418 individuus
399 3350 530 3417 assidet.
562 3351 605 3416 Et
619 3350 661 3415 ad
675 3349 808 3416 multam
821 3351 906 3436 regis
921 3349 1168 3415 benivolentiam

57 3437 197 3501 animum
227 3435 405 3518 intendens,
462 3445 609 3534 ostquam
640 3436 802 3522 principes
831 3435 865 3498 in
897 3455 955 3498 sua
983 3433 1167 3517 discessere,

60 3521 189 3604 privatis
204 3541 277 3584 cum
291 3541 366 3605 rege
383 3458 548 3606 collbquirs
563 3519 760 3584 coutebatur.
791 3517 835 3582 Et
855 3527 890 3582 ut
912 3537 988 3582 suae
1009 3515 1169 3584 fidelitatis

60 3604 204 3670 virtutem
226 3604 353 3691 penitus
376 3601 616 3685 demonstraret,
641 3623 750 3688 regem
777 3603 910 3688 eiusque
938 3611 1072 3667 matrem
1094 3623 1168 3668 suas

60 3685 150 3754 urbes
173 3698 206 3753 et
227 3710 269 3773 op
293 3686 348 3750 ida
367 3687 402 3750 in
422 3696 489 3752 tota
508 3686 658 3752 Neustria
678 3687 781 3752 visere
802 3689 883 3772 petit
904 3686 1098 3787 obtinetque.

139 3772 170 3835 3.
201 3771 233 3836 D
277 3772 381 3835 ucitur
409 3792 486 3856 ergo
515 3791 536 3834 a
561 3770 643 3835 duce
671 3791 730 3834 rex
759 3792 833 3835 cum
854 3779 956 3835 matre
977 3791 1089 3855 regma
1109 3793 1229 3860 percas.

59 3852 238 3920 Neustriam
256 3877 294 3920 ac
314 3855 356 3920 ab
371 3875 408 3919 eo
424 3853 646 3920 decentissime
661 3854 822 3940 excipitur
835 3854 958 3936 Parisii,
978 3852 1169 3938 Aurelianis,

54 4007 56 4012 ’
116 3998 139 4052 ι)
162 4002 186 4040 st
201 4002 220 4040 1.
296 3996 319 4049 b)
340 3999 404 4040 luctu
421 4001 440 4039 l.
517 3996 538 4050 c)
559 3998 678 4040 humorem
695 4000 715 4039 1.
791 3995 814 4048 d)
839 4009 901 4038 anno
917 4017 944 4028 -
961 3999 1045 4035 xxm
1059 3997 1084 4037 ἐκ
1099 4009 1169 4047 noro.

61 4053 124 4107 elli.
140 4070 158 4099 c.
210 4058 294 4110 oport
311 4059 360 4099 odd.
415 4056 439 4109 3)
455 4057 544 4098 bacola
559 4069 628 4107 mara.
642 4061 693 4108 post
708 4057 759 4099 cdd.
814 4055 837 4107 h)
854 4057 881 4097 P.
898 4066 920 4098 a.
936 4066 956 4097 e.
971 4056 1022 4096 aad.
1040 4056 1062 4098 t.
1111 4054 1169 4106 ild.

62 4125 112 4156 vero
127 4128 146 4158 r.
164 4119 185 4156 1.
252 4115 276 4168 k)
294 4128 312 4159 r.
326 4117 419 4166 Bargul
434 4127 468 4167 pr.
486 4117 506 4158 l.
570 4115 587 4159 ll
602 4121 651 4166 post
666 4116 717 4156 odd.
732 4116 756 4156 tn
771 4115 817 4154 loco
832 4125 900 4154 cocao
915 4114 995 4154 relicto.
1057 4112 1089 4165 m)
1105 4114 1133 4156 R.
1149 4126 1168 4156 c.

62 4172 85 4226 n)
101 4175 194 4216 laudum
208 4187 225 4216 c.
293 4173 316 4226 o)
347 4175 436 4216 Macra
450 4174 488 4215 scd
501 4179 576 4225 protea
591 4175 712 4215 restitutum
732 4174 825 4214 viduas.

134 4267 163 4337 1)
184 4269 237 4322 Sed
258 4287 281 4322 c.
301 4270 327 4322 4.
346 4269 525 4337 quindennem
546 4285 605 4322 eum
625 4285 737 4336 regnum
756 4268 894 4335 accepisse
914 4266 989 4318 dixit.
1058 4265 1088 4334 2)
1108 4267 1170 4321 Flo·

63 4341 155 4394 doardi
173 4345 350 4396 narrationem
369 4342 450 4396 valde
469 4341 617 4410 ampliavit.
