2938 5016
288 412 441 465 menum
460 414 712 467 HISTORIARUM
730 413 842 466 LIBER
861 415 884 466 1.
1115 419 1150 468 23

48 585 121 648 venti
146 591 227 647 sunt.
276 579 320 644 Et
350 579 384 644 hi
433 602 538 666 uoque
567 603 625 667 per
653 582 832 667 predictum
860 583 965 646 virum
994 583 1149 667 instructi,

48 669 170 752 receptis
199 687 219 728 a
246 663 329 728 duce
351 665 422 750 opsi
445 663 537 728 ibus³
559 686 638 750 quos
660 664 829 747 dederant,
858 665 900 730 ad
928 663 1080 732 salutaria
1101 690 1149 732 sa·

49 747 195 815 eramenta
217 747 347 812 deducti
368 758 441 812 sunt

119 834 168 897 32.
210 832 255 896 Et
283 853 356 897 cum
381 832 421 896 de
450 833 637 917 baptisterio
665 843 826 917 ageretur,
858 832 996 899 Wittoni
1022 834 1149 899 Rhodo·

47 919 190 982 mensium
219 915 464 1002 metropolitano
486 917 552 981 eisb
574 915 806 1001 predicandum
834 937 854 978 a
875 917 956 982 duce
979 919 1147 983 committi-

47 1013 98 1065 tur.
137 1001 238 1066 Witto
260 1011 359 1066 veroc
380 1021 445 1064 non
466 1022 500 1064 se
522 999 613 1064 solo‘¹
635 1010 811 1081 contentus,
836 1000 976 1066 Heriveo
998 1001 1150 1066 Remensi

47 1084 200 1169 epistolam
222 1083 366 1168 *dirigis
387 1106 446 1170 per
468 1105 564 1169 quam
591 1082 632 1147 ab
655 1105 692 1148 eo
715 1085 834 1169 querit,
856 1107 920 1170 quo
943 1083 1062 1166 ordine,
1085 1091 1198 1171 qua⁸n
1214 1091 1267 1136 ⁶²⁹·

46 1170 154 1234 ratione
175 1191 254 1254 gens
276 1178 350 1232 ante
370 1167 494 1252 perfida
514 1166 686 1232 aecclesiae
708 1167 854 1231 sotianda
881 1169 949 1232 sitl.
992 1168 1150 1233 Heriveus

47 1275 112 1316 vero
132 1251 392 1339 metropolitanus
413 1249 514 1315 multa
535 1249 700 1335 diligentia
722 1251 801 1316 haec
823 1251 992 1336 disponere
1008 1253 1151 1338 cupiens,

48 1348 224 1402 conventum
247 1337 470 1433 episcoporum
492 1333 561 1399 fieri
582 1334 686 1416 iubet,
712 1345 748 1399 ut
775 1334 948 1400 multorum
973 1333 1150 1400 rationibus

47 1443 90 1483 res
110 1421 219 1486 idonce
242 1418 493 1484 drstribueretur.

121 1505 168 1570 33.
210 1505 254 1568 Et
276 1503 328 1568 die
349 1504 520 1567 constituta
541 1501 672 1566 sinodus
698 1501 807 1567 habita
828 1512 885 1567 est.
934 1503 973 1565 In
1003 1524 1066 1588 qua
1086 1503 1149 1587 pri-

48 1601 143 1650 mum⁰
166 1587 205 1652 de
227 1609 307 1673 pace
329 1597 361 1651 et
385 1586 537 1734 reliqione
560 1595 688 1650 sanctae
710 1585 774 1650 Dei
803 1585 977 1650 aecclesiae
1004 1596 1151 1672 statuque

48 1673 127 1754 regni
153 1673 350 1736 Francorum
379 1669 448 1734 salu
471 1671 547 1734 riter
575 1691 614 1733 ac
636 1679 854 1755 competenter
875 1679 1045 1735 tractatum
1072 1679 1120 1734 est
1129 1679 1151 1750 ²,

48 1765 110 1837 post
128 1777 201 1820 vero
225 1755 265 1819 de
286 1755 462 1840 piratarum
483 1754 683 1838 mitigatione
705 1763 799 1839 atque
833 1754 1038 1818 conversione
1059 1754 1152 1818 uber-

48 1839 117 1903 rime
136 1841 300 1925 agitatum.
342 1839 517 1903 Decretum
545 1858 673 1935 quoque
702 1835 741 1901 de
770 1835 883 1902 eodem
905 1837 946 1902 ab
968 1839 1040 1923 ipsa
1060 1837 1151 1902 Divi-

49 1923 133 1987 nitate
153 1925 308 1987 rationem
330 1920 562 2008 quaerendam,
585 1919 793 1984 ieiunandum
816 1922 912 1986 etiam
940 1919 981 1984 ab
1005 1921 1151 1986 omnibus

48 2005 155 2089 triduo;
198 2007 317 2070 domno
339 2028 414 2070 vero
437 2026 540 2103 papae
562 2004 595 2068 id
618 2026 686 2069 esse
709 2004 960 2089 suggerendum,
988 2014 1035 2086 ut,
1064 2005 1152 2068 invo-

50 2099 109 2152 cata
129 2113 186 2176 per
206 2091 360 2154 ieiunium
382 2090 575 2170 Divinitate‚
598 2097 630 2152 et
651 2088 768 2152 domno
790 2109 877 2174 papa
898 2087 1059 2154 humiliter
1080 2109 1152 2151 con-

51 2171 137 2255 sulte,
166 2174 323 2238 efficatius
352 2196 403 2238 res
432 2172 639 2237 ordinaretur.
690 2169 853 2235 Revolutis
885 2173 994 2257 itaque
1020 2180 1152 2269 patrum

49 2255 180 2340 decretis²
202 2256 397 2322 reverendus
419 2253 681 2342 metropolitanus
703 2255 861 2319 Heriveus
893 2256 935 2318 24
957 2252 1096 2338 capitula
1117 2254 1152 2315 in

49 2339 196 2406 volumine
219 2341 387 2423 ordinavit,
410 2338 638 2404 rationabiliter
659 2359 697 2402 ac
719 2335 838 2402 utiliter
851 2337 976 2422 digesta
997 2346 1029 2401 et
1051 2334 1150 2421 quali·

49 2431 88 2486 ter
112 2426 205 2490 rudes
238 2426 273 2489 in
298 2424 361 2490 fide
388 2423 526 2490 habendi
553 2432 625 2487 sunt
658 2422 861 2486 continentia.
917 2421 1007 2502 Quae
1044 2421 1152 2484 omnia

49 2508 211 2573 venerabili
225 2508 420 2574 Rodomensi
434 2509 557 2574 Witoni
572 2504 730 2590 delegavit
738 2516 759 2567 ².
789 2503 887 2569 *Illef
895 2515 920 2549 ·²
937 2525 1013 2570 vero
1030 2504 1217 2589 excipi-‘tot
1232 2517 1269 2560 1⁰·

50 2612 103 2674 ens,
124 2593 264 2658 utiliter&
286 2602 447 2678 sumptum
469 2591 634 2675 negotium
656 2589 899 2654 consummavit.

120 2678 168 2741 34.
212 2676 285 2740 Hac
293 2677 337 2722 Μ
360 2675 456 2741 etiam
477 2682 684 2760 tempestate⁴
705 2673 754 2736 Ra
778 2695 909 2755 auarus,
936 2672 986 2737 vir
1008 2670 1249 2736 consula-eaec-

50 2758 131 2821 n'si·⁵
160 2772 192 2826 et
224 2758 356 2841 nobilis,
380 2781 418 2823 co
465 2759 613 2823 omentol
639 2695 885 2841 Collo-longus,
919 2757 1008 2820 cuius
1035 2756 1151 2820 etiam⁰

51 2840 141 2908 obitus
162 2843 295 2908 multam
316 2845 363 2908 rei
384 2866 430 2930 pu
453 2842 533 2908 licae
553 2843 587 2904 in
613 2840 746 2927 Belgica
766 2839 873 2906 intulit
898 2838 1040 2921 labem*,
1068 2860 1153 2902 oom-

51 2929 125 2990 muni
152 2929 295 3014 corporis
323 2926 500 2992 valitudine
526 2935 629 2989 tactus
658 2936 689 2989 et
718 2947 903 3010 oppressus,
939 2923 1036 2988 finem
1068 2923 1153 2986 vitae

51 3011 124 3092 apud
154 3013 317 3076 Marsuam
365 3010 496 3075 alatium
525 3009 657 3092 accepit.
709 3009 808 3074 Cuius
839 3007 982 3092 exequiis
1011 3004 1151 3071 Karolus

51 3113 98 3158 rex
122 3096 301 3162 interfuisse
331 3035 448 3160 (licitur
477 3115 515 3157 ac
543 3093 651 3157 oculos
678 3091 816 3156 lacrimis
847 3091 985 3156 suffusus
1014 3089 1151 3154 dixisse:

52 3174 99 3259 ‘O',
119 3180 273 3266 inquiens,
297 3186 348 3245 ‘cx
368 3178 432 3244 alto
447 3177 609 3260 humilem,
631 3199 673 3240 ex
694 3175 800 3262 amplo
814 3175 1032 3240 artissimum'!
1055 3171 1153 3237 altero

51 3279 214 3346 personam,
237 3263 334 3329 altero
356 3271 597 3327 monumentum
611 3260 803 3347 significans.
838 3259 1043 3342 Peractisque
1065 3277 1154 3320 exse-

52 3345 135 3430 quiis,
158 3345 355 3430 (heleberto,
378 3347 447 3411 eius
469 3345 551 3428 filio,
572 3347 637 3409 iam
659 3344 741 3408 facto
763 3343 886 3424 iuveni,
909 3351 1075 3426 paternum
1098 3338 1153 3402 ho-

52 3446 145 3495 norem
188 3453 298 3496 coram
334 3430 534 3517 principibus
576 3431 632 3514 qui
676 3426 896 3492 confluxerant
932 3421 1153 3488 liberalissime

52 3515 264 3579 accommodat.

111 3639 132 3707 *)
151 3644 267 3709 partium
287 3640 380 3692 Karoli
398 3640 542 3692 fidissimus
561 3645 631 3690 tutor
650 3637 750 3690 Elokek.

102 3748 121 3800 a)
136 3751 264 3802 hospitibus
282 3753 302 3800 1,
324 3761 429 3800 super-scr.
446 3751 472 3791 si.
552 3749 576 3797 b)
593 3760 634 3788 voa
649 3749 748 3787 obscura.
825 3744 845 3796 c)
863 3757 872 3785 c
888 3757 944 3786 corr.
1015 3743 1039 3795 d)
1057 3755 1108 3784 sess
1125 3741 1152 3797 (i)

53 3813 90 3843 ttr-
104 3818 125 3848 se
139 3811 195 3850 solo.
273 3809 294 3858 a)
314 3815 364 3859 post
379 3810 429 3848 add.
505 3807 583 3858 Ofol.
601 3809 634 3848 10.
651 3813 669 3846 ct
687 3809 720 3846 11.
736 3807 780 3844 alto
796 3816 833 3844 aaa
848 3816 892 3844 uero
909 3809 1003 3853 tempora
1027 3805 1109 3853 scripto
1135 3805 1154 3842 ct

54 3869 214 3916 quampluribus
228 3869 315 3907 raseris
333 3869 398 3918 plena
417 3868 502 3918 prioris
517 3867 647 3906 recensionis
657 3865 783 3914 fraymsata
799 3865 963 3910 arctarentur,
977 3869 1056 3912 posteo
1072 3863 1154 3901 demam

53 3930 91 3960 cum
105 3925 153 3966 titre
169 3927 240 3977 qualis
255 3938 313 3966 auno
329 3932 360 3966 ut
373 3929 495 3976 coniuncta.
563 3925 586 3975 g)
603 3925 762 3965 efficacissime
785 3927 854 3972 atque
876 3923 964 3962 utiliter
980 3923 1000 3962 1.
1063 3920 1087 3971 b)
1104 3920 1154 3960 Hac

55 3984 78 4018 tt.
92 3983 113 4021 to
127 3986 168 4025 loco
184 3997 244 4024 roeo.
291 3984 308 4036 l)
325 3987 433 4026 maced.
479 3983 611 4036 k)o.c.1·n
626 3995 694 4032 marp.

118 4079 143 4146 1)
162 4083 203 4132 Ex
222 4080 301 4133 Flod.
321 4081 356 4132 H.
373 4082 449 4131 Rem.
470 4081 517 4142 IV,
534 4080 576 4142 14,
595 4080 641 4130 ubi
660 4079 728 4129 haec
747 4083 807 4144 post
826 4093 942 4144 pugnam
963 4075 1155 4127 Carnotensem

55 4147 116 4200 lacta
142 4154 272 4206 dicuntur.
366 4151 395 4218 2)
415 4153 491 4205 Flod.
518 4152 536 4203 l.
555 4151 574 4203 l.
599 4153 727 4217 sequitur,
755 4149 802 4201 sed
830 4165 873 4200 res
901 4148 981 4199 aliter
1010 4146 1156 4211 coniungit.

57 4220 80 4282 3)
98 4224 176 4293 Capp.
196 4228 322 4279 34.-40.
347 4225 525 4278 Ekkehardus
544 4225 646 4291 Uraug.
665 4227 692 4274 in
711 4223 821 4274 historia
840 4223 961 4272 Heinrici
972 4221 995 4272 1.
1015 4221 1157 4285 excerpsit.

56 4292 80 4356 4)
97 4297 238 4364 Reginerus
256 4303 310 4351 iam
330 4317 354 4351 a.
368 4301 431 4350 915.
451 4306 568 4349 mortuus
588 4315 646 4350 esse
671 4296 790 4360 videtur;
811 4296 844 4346 cf.
859 4294 977 4357 Wittich,
991 4291 1158 4357 Lothriugen

7 4411 8 4428 .
58 4369 132 4428 1³·89.
206 4373 233 4438 b)
253 4376 272 4425 i.
293 4390 316 4424 e.
337 4389 434 4424 comes.
