2936 5010
354 384 406 436 178
589 383 742 436 menam
761 381 1012 436 HISTORIARUM
1031 385 1141 436 LIBER
1160 383 1228 439 1111.

289 555 396 620 aeaeis
418 554 575 636 intererat,
598 551 692 618 simul
713 561 892 640 surgentes,
914 573 1084 640 orsumque
1106 552 1245 634 seducti,
1268 554 1347 640 quid
1367 575 1385 616 a
1407 577 1450 618 en-

249 631 301 676 ¹¹¹¹¹·
317 629 425 704 ²dum
448 638 522 704 inde
543 647 634 722 esset,
656 636 883 704 deliberabant.
925 637 969 702 Et
989 647 1063 785 post
1076 635 1243 722 paululum
1260 639 1368 725 ipsum
1383 576 1450 702 (der-

349 721 474 788 bertum
496 723 639 788 invitant.
689 721 751 787 Oui
772 743 845 786 eum
890 731 956 786 ost·
978 721 1099 808 a'quot
1120 743 1282 788 sermones
1304 745 1324 786 a
1346 722 1449 786 domno

349 827 435 955 papa
457 829 572 907 corpus
599 816 631 870 et
659 807 847 905 sauguinem
903 806 1001 869 omini
1030 826 1075 904 ao·
1096 805 1292 872 sacerdotale
1323 807 1448 905 officium

349 913 387 955 su
430 901 590 978 presentia
611 890 708 976 legati
729 888 898 976 prohibere
920 887 1045 972 vellent,
1066 888 1118 954 rlle
1134 911 1211 954 mox
1226 911 1269 954 ex
1285 889 1449 956 canombus

232 1061 271 1115 'n-
287 1063 338 1106 ⁸⁶⁶·
465 1066 562 1118 Sedem
581 1071 670 1116 autem
689 1065 844 1133 populorum
865 1064 1033 1116 multitudine
1052 1064 1185 1128 refertam,
1205 1064 1313 1116 advena
1326 1071 1353 1116 et
1371 1064 1448 1130 'pere-

465 1141 569 1206 grinus,
595 1139 675 1190 nullis
699 1139 781 1190 fretus
807 1136 915 1206 opibus,
941 1136 1087 1205 pervadere
1114 1139 1159 1204 qui
1186 1139 1281 1204 potui?
1313 1138 1369 1190 Sed
1391 1139 1448 1188 ione

465 1211 614 1280 apostolica
632 1211 711 1264 aedas
730 1213 806 1263 nobis
826 1212 981 1279 opponitur,
1006 1217 1141 1276 tamquam
1167 1226 1200 1262 ea
1223 1211 1376 1262 inconsulta
1390 1227 1448 1262 snm-

464 1303 535 1338 mum
547 1287 599 1336 hoc
611 1287 753 1352 negocium
767 1285 914 1336 discussum
928 1285 970 1347 sit,
989 1285 1033 1334 vel
1046 1285 1205 1349 ignorantia,
1224 1285 1268 1336 vel
1283 1285 1446 1336 contumacia

465 1359 543 1411 Certe
562 1359 629 1410 nihil
647 1364 735 1409 actum
754 1357 798 1409 vel
817 1357 949 1424 agendum
969 1357 1026 1420 luit,
1048 1357 1118 1424 qaod
1138 1357 1303 1423 apostolicae
1319 1359 1378 1409 sedi
1391 1357 1446 1408 rela-

465 1440 520 1484 tum
540 1449 593 1484 nou
617 1432 704 1494 fuerit,
729 1433 839 1499 eiusque
864 1447 911 1498 per
937 1430 1031 1481 decern
1056 1437 1082 1482 et
1106 1441 1167 1482 octo
1193 1447 1299 1482 menses
1319 1437 1447 1499 expectata

464 1507 605 1559 sententia.
644 1505 699 1558 Sed
720 1505 781 1556 dum
801 1505 835 1556 ab
860 1504 1010 1555 hominibus
1037 1503 1176 1555 consilinm
1200 1521 1253 1555 non
1280 1507 1397 1572 capitur,
1419 1503 1446 1553 ad

186 1575 257 1619 Μ·
269 1575 336 1630 ⁶2²⁹·
463 1580 512 1631 filii
532 1581 584 1630 Dei
607 1580 805 1647 supereminens
831 1577 964 1644 eloquium
983 1579 1138 1628 recurritur:
1159 1577 1208 1630 “si
1227 1578 1347 1642 oculua”‚
1367 1579 1447 1644 inquit,

465 1655 544 1705 “tuus
556 1652 722 1704 scandalizat
735 1652 778 1703 te''
798 1657 825 1702 et
836 1645 968 1717 reliquah.
1007 1651 1042 1701 Et
1060 1651 1167 1702 fratrem
1183 1657 1351 1718 peccantem,
1371 1666 1446 1702 curan

463 1727 576 1778 testibus
603 1741 745 1792 coramque
775 1724 891 1776 ecclesia
917 1726 1104 1775 commonitum
1131 1731 1158 1776 et
1181 1739 1236 1776 nou
1261 1723 1445 1782 obaudientem,

187 1790 335 1846 flaminii.
465 1800 585 1850 decernit
608 1798 759 1850 habendum
783 1803 918 1863 tamqnam
944 1797 1099 1848 ethnicum⁶
1119 1803 1145 1848 et
1170 1797 1353 1864 publicanum.
1390 1797 1446 1848 Con-

464 1877 558 1924 ventus
586 1887 649 1937 ergo
674 1869 800 1922 Amulius
828 1877 855 1920 et
883 1872 1058 1922 commonitus
1093 1871 1187 1922 litteris
1221 1875 1249 1921 et
1277 1871 1375 1938 legatie
1401 1871 1443 1936 epi·

465 1961 605 2012 scopomm
625 1943 745 2007 Galliae,
768 1949 832 1994 uta
852 1949 947 2010 coepto
966 1944 1052 1994 furore
1072 1943 1212 1996 desisteret
1237 1951 1277 2004 et,
1307 1947 1331 1996 si
1349 1944 1444 2000 valeret,

466 2034 571 2086 quoquo
597 2017 676 2068 modo
703 2033 732 2068 se
756 2033 773 2068 a
797 2016 953 2084 perditionis
977 2015 1079 2068 scelere
1103 2022 1243 2084 purgaret,
1269 2017 1333 2068 dnm
1359 2018 1444 2068 meniu

464 2091 582 2144 salubria
602 2091 756 2154 contemnit,
775 2089 881 2142 habitus
901 2097 941 2141 est
953 2095 1087 2156 tamquam
1108 2091 1230 2142 ethnicus
1250 2097 1278 2142 et
1289 2090 1444 2157 publicanus.

464 2167 522 2218 Nec
539 2171 629 2216 tamen
647 2163 748 2214 idcirco
769 2163 929 2215 diiudicatus
950 2169 979 2214 ut
1000 2163 1122 2214 ethnicus
1141 2164 1175 2214 ob
1195 2165 1371 2214 reverentiam
1384 2162 1443 2214 sedis

465 2239 629 2306 apostolicae
649 2236 846 2304 sacerdotiique
865 2238 935 2288 sacn’
953 2236 1107 2304 privilegia,
1133 2237 1181 2288 sed
1207 2253 1223 2286 a
1249 2253 1278 2288 ee
1297 2239 1357 2304 ipso
1375 2239 1400 2286 in
1421 2251 1464 2286 ser

463 2315 550 2379 ipsum
571 2311 747 2362 damnationis
766 2313 898 2361 sententia
916 2309 1031 2376 prolata,
1058 2311 1109 2360 hoc
1134 2310 1219 2362 solum
1246 2325 1305 2360 eum
1333 2313 1360 2360 in
1384 2309 1442 2360 omni

463 2387 520 2438 vita
539 2401 587 2436 sua
606 2385 725 2452 preclare
745 2385 832 2450 egisse
852 2383 1027 2434 diiudicatum
1047 2389 1100 2447 eat;
1121 2384 1184 2450 quia
1202 2384 1335 2448 nimirum,
1355 2385 1377 2434 ei
1395 2397 1441 2432 eun

463 2475 492 2512 se
520 2459 578 2526 ipso
604 2459 746 2510 damnante
772 2457 892 2524 episcopi
916 2456 1097 2519 absolverent,
1121 2471 1235 2524 poenam
1261 2455 1371 2508 sceleris
1397 2457 1442 2505 eius

463 2533 637 2582 incurrerent.
678 2529 751 2594 “Si’',
769 2531 856 2595 inquit
874 2545 985 2596 magnus
998 2529 1054 2580 Leo
1074 2545 1153 2598 papa,
1173 2530 1283 2582 “omnes
1302 2529 1442 2582 secerdotes

465 2611 493 2656 et
511 2604 623 2656 mundus
643 2604 773 2656 assentiat
791 2601 957 2662 damnandis,
978 2601 1112 2654 damnatio
1126 2605 1323 2655 consentientes
1335 2602 1441 2660 involvit,

464 2693 518 2728 non
553 2679 793 2744 prevaricationem
830 2691 973 2727 consensus
1011 2675 1134 2727 absolvit.
1191 2677 1251 2727 Hoc
1284 2679 1353 2728 enim
1380 2677 1441 2726 Deus

465 2752 581 2802 omnium
599 2750 738 2811 indicavit,
757 2750 802 2816 qui
820 2755 977 2816 peccantem
989 2751 1115 2800 mundum
1129 2750 1249 2816 generali
1262 2750 1361 2801 diluvio
1374 2751 1440 2800 inter·
1462 2781 1463 2788 η

464 2823 552 2876 emit'’.
589 2825 625 2874 Et
642 2839 713 2891 papa
733 2823 871 2875 Gelasins:
903 2823 1000 2872 “Error
1019 2823 1064 2888 qui
1083 2823 1167 2874 semel
1187 2829 1227 2875 est
1246 2840 1305 2874 cum
1326 2841 1371 2875 suo
1389 2835 1440 2870 auc·

463 2901 520 2948 tore
541 2896 688 2960 damnetur,
706 2898 734 2946 in
754 2897 883 2963 participe
903 2894 1022 2961 quolibet
1040 2911 1138 2963 pravae
1153 2899 1343 2948 communionis
1359 2896 1439 2948 effecto

463 2972 658 3022 execrationem
682 2972 724 3021 sui
748 2975 837 3036 gestat
863 2974 889 3019 et
916 2965 1055 3036 poenam'’.
1102 2969 1218 3022 Excluso
1247 2973 1338 3037 itaque
1363 2969 1405 3019 illo
1427 2982 1439 3014 a

462 3045 588 3096 Remenei
617 3043 734 3096 ecclesia
771 3043 836 3093 mihi
860 3041 1002 3092 reluctanti
1032 3041 1196 3110 multumque
1222 3059 1255 3094 ea
1274 3059 1341 3110 qnae
1358 3055 1439 3109 pessus

462 3133 520 3168 sum
540 3123 566 3169 at
585 3117 673 3169 adhuc
691 3121 778 3184 patior
795 3115 956 3184 formidanti,
976 3130 992 3164 a
1009 3114 1134 3167 iratribus
1153 3119 1219 3167 meis
1233 3117 1375 3169 Galliarum
1394 3114 1438 3179 epi·

462 3192 550 3258 scopis
578 3192 630 3242 hoc
658 3191 743 3242 honus
771 3188 915 3242 sacerdotii
942 3189 991 3239 sub
1020 3189 1103 3239 divini
1132 3191 1245 3240 nominis
1277 3189 1437 3241 obtestatione
1461 3237 1462 3254 ,

461 3265 613 3331 impositum
633 3269 680 3318 est.
718 3261 796 3326 Quod
815 3263 838 3314 si
856 3261 923 3313 forte
943 3277 959 3312 a
978 3263 1060 3312 sacris
1079 3262 1184 3328 legibus
1205 3264 1340 3331 quippiam
1361 3261 1438 3312 devia·

461 3343 518 3388 tum
543 3343 597 3402 est,
623 3353 676 3388 non
700 3336 728 3387 id
748 3335 871 3399 malicia,
896 3335 943 3386 sed
967 3337 1093 3402 temporis
1118 3337 1272 3402 importavit
1300 3336 1437 3387 necessitas.

460 3409 587 3477 Alioquin
605 3416 724 3478 tempore
743 3408 834 3460 hostili
849 3423 926 3459 omne
945 3409 985 3458 ius
1004 3423 1136 3474 omneque
1149 3408 1252 3460 licitum
1266 3425 1366 3468 cavere,
1385 3403 1438 3472 quid

462 3488 503 3534 est
521 3483 594 3534 aliud
614 3500 692 3550 quam
712 3485 824 3550 patriam
844 3481 955 3549 perdere
975 3486 1003 3532 et
1021 3497 1114 3532 necem
1133 3483 1248 3533 inferre?
1276 3483 1358 3534 Silent
1376 3480 1437 3546 eqni·

462 3555 522 3606 dem
550 3556 625 3622 leges
652 3559 722 3608 inter
749 3571 835 3619 arma3
866 3555 960 3620 quibus
984 3554 1031 3604 ille
1059 3555 1150 3607 feralis
1179 3555 1266 3606 bestia
1291 3549 1368 3607 Odod
1390 3555 1437 3604 itae

462 3629 559 3681 abusus
580 3635 628 3694 est,
653 3635 683 3681 ut
710 3630 936 3680 reverentissimos
955 3627 1108 3680 sacerdotes
1128 3628 1181 3679 Dei
1201 3631 1277 3696 quasi
1296 3629 1357 3680 vilia
1375 3639 1437 3677 man·
1460 3653 1461 3656 =

461 3703 533 3767 cipia
553 3708 674 3768 caperet,
698 3719 749 3753 nec
775 3704 808 3753 ab
834 3703 899 3769 ipsis
924 3703 1101 3753 sacrosanctis
1130 3701 1258 3754 altaribus
1284 3703 1436 3768 temperaret,
1460 3751 1461 3760 ἶ

462 3781 624 3826 commeatus
642 3775 764 3843 publicos
782 3771 989 3827 intercluderet'.
1460 3761 1461 3802 l

768 3884 855 3953 (ios.)
890 3885 1028 3951 Epilogus.

462 3974 562 4027 ‘Redeo
582 3975 616 4026 ad
636 3993 686 4045 me,
706 3977 912 4028 reverentissimi
931 3979 1035 4043 patres,
1056 3977 1098 4026 cui
1114 3975 1269 4043 specialiter
1287 3977 1319 4028 ob
1337 3973 1436 4025 salutem

460 4051 594 4116 pereuntis
613 4050 704 4117 populi
729 4052 863 4116 totiusque
887 4051 927 4099 rei
950 4049 1074 4115 publicae
1101 4063 1189 4100 curam
1216 4066 1286 4102 mors
1311 4043 1437 4100 furibunda

462 4139 521 4173 cum
540 4124 662 4176 omnibus
680 4126 735 4175 suis
754 4123 874 4174 incubuit
893 4123 986 4189 copiis.
1024 4122 1095 4173 Hinc
1120 4122 1178 4172 dira
1203 4129 1323 4189 egestas,
1341 4121 1435 4171 horreas

462 4202 489 4247 et
508 4197 653 4263 apothecas
672 4203 775 4248 armata
793 4211 873 4246 manu
891 4196 942 4246 sibi
960 4194 1092 4261 vindicat3
1112 4195 1186 4246 illinc
1205 4196 1268 4248 ioris
1291 4193 1390 4261 gladius
1413 4195 1436 4239 et
1459 4191 1460 4248 i

400 4320 423 4374 a)
439 4323 527 4364 interi·
586 4321 610 4375 b)
626 4328 649 4365 te
665 4335 719 4364 erne
735 4335 795 4376 enm,
811 4327 834 4365 et
849 4323 935 4374 proiice
951 4323 1017 4363 illam
1032 4323 1073 4363 abs
1088 4324 1155 4364 testi.
1201 4322 1222 4376 o)
1237 4324 1349 4364 hemlcurn
1364 4327 1432 4359 aeon·

342 4383 431 4422 stanter.
490 4380 514 4433 d)
531 4381 557 4422 0.
573 4393 608 4431 o.;
624 4381 677 4424 ono
691 4383 723 4424 ed.
784 4380 806 4434 e)
822 4383 854 4423 lta
869 4383 912 4423 hoo
927 4386 1031 4432 tempore
1047 4393 1061 4422 a
1076 4383 1107 4424 ed.
