2938 5016
585 267 613 320 l

295 411 329 460 30
560 407 712 460 RICHERI
731 406 986 459 HISTORIARUM
1000 406 1113 457 LIBER
1131 407 1154 456 1.

233 591 284 634 aas.
294 577 434 662 attigerit
442 587 462 640 ¹.
506 574 711 640 Neutrum-⁸
738 571 865 638 illorum
894 571 997 660 spolia
1026 572 1218 658 diripuisse·
1247 573 1395 657 configis.
1451 589 1452 646 ἢ

296 661 397 727 Cuius
423 659 470 724 rei
496 659 713 744 oportunitas·
739 679 812 722 cum
841 655 981 722 Karolo⁸
1009 679 1075 721 non
1104 656 1294 738 definsseu,
1324 654 1397 719 nulla
1451 667 1452 700 ³

295 753 423 810 tamen*¹
456 742 569 807 ductus
601 741 797 828 cupiditate⁸
819 763 887 806 rem
908 741 1102 828 pernitiosea
1128 742 1250 807 vitavit.
1293 739 1396 804 Namu

296 826 467 913 transbrgis
489 825 661 912 plurimum
683 823 841 908 diffidens,
864 825 1023 910 utpote***
1051 826 1106 911 qui
1127 826 1304 890 maximam
1323 845 1397 886 exer-

298 913 380 976 citus
401 917 530 1010 partem
558 911 722 990 amiserat,
749 929 827 972 mox
848 909 908 973 iter
929 909 1017 972 sine¹³
1040 907 1151 994 spoliis
1172 909 1206 972 in
1227 907 1397 994 Belgioam'r
1452 915 1453 958 t

215 1005 288 1065 (⁹²2.)
298 1005 433 1076 retors1t,
448 995 554 1080 post††
569 991 776 1058 truculentius
790 991 894 1057 redire
909 991 958 1056 dis
984 1013 1092 1056 onens.
1118 992 1210 1057 Hac²
1224 1001 1398 1077 tempestate

298 1089 400 1144 terrae
422 1085 527 1142 motus
549 1079 681 1163 inpage
698 1075 924 1142 Cameracensi
958 1085 1047 1141 actus
1069 1085 1126 1158 est,
1148 1098 1190 1140 ex
1213 1098 1278 1162 quo
1301 1075 1398 1138 domus
1452 1085 1453 1124 l

297 1161 468 1228 nunnullae
490 1159 661 1226 subversae
684 1169 765 1225 sunt.
808 1159 903 1225 Unde
926 1169 958 1224 et
978 1181 1084 1224 rerum
1106 1158 1271 1225 calamitas
1293 1157 1399 1224 adverti

298 1248 411 1334 potuit,
433 1267 508 1310 cum
529 1245 619 1331 regni
641 1246 790 1330 princeps
816 1244 993 1330 proterius
1016 1253 1129 1330 captus
1149 1249 1182 1308 et
1199 1245 1234 1307 in
1255 1262 1399 1308 carcerem

298 1352 399 1418 usque
421 1331 455 1393 in
477 1328 562 1392 diem
583 1329 668 1393 vitae
689 1350 765 1393 suae
782 1349 966 1414 supremum
981 1327 1127 1392 detrusus
1142 1328 1191 1391 sit.
1235 1325 1400 1391 Nemeum

299 1437 367 1480 rem
393 1411 563 1478 militarem
591 1411 640 1476 dis
666 1421 774 1477 oneret
801 1421 832 1476 et
857 1411 1033 1476 exercitum
1059 1412 1274 1497 copiosiorem
1303 1407 1400 1475 Galliis
1453 1393 1454 1464 l

299 1498 414 1562 inferre
436 1505 572 1583 pararet,
597 1435 759 1583 Gallisque
782 1495 856 1560 inde
878 1497 974 1560 timor
994 1493 1112 1560 multus
1133 1495 1335 1576 incuteretur,
1354 1493 1400 1555 mi·

299 1583 379 1647 tiore
407 1581 514 1646 animo
541 1579 733 1646 ferebantur.
778 1579 875 1660 Quod
901 1577 1040 1643 Karolus
1072 1600 1131 1642 rex
1163 1576 1400 1662 subintelligens,
1454 1543 1455 1638 l

299 1687 358 1766 per
378 1663 407 1728 le
431 1674 500 1728 atos
522 1685 671 1728 revocare
698 1684 753 1727 eos
780 1662 941 1727 nitebatur
968 1660 1138 1748 multisque
1164 1662 1340 1726 rationibus
1364 1661 1401 1723 eis
1454 1653 1455 1698 l

300 1748 334 1813 1d
356 1687 488 1812 suadere
506 1746 667 1833 querebat.
711 1747 937 1811 Nortmannis³
953 1768 1080 1832 quoque
1095 1767 1195 1832 usque
1210 1745 1253 1810 ad
1269 1745 1401 1810 effectum

300 1831 408 1913 suasit,
430 1831 511 1896 adeo
533 1839 569 1894 ut
590 1831 659 1915 regi
679 1830 777 1896 fidem
792 1830 949 1916 spondere
964 1831 1057 1916 eique
1079 1839 1114 1894 ut
1135 1829 1260 1894 iuberet
1282 1827 1402 1892 militare

299 1913 424 1980 vellent.
469 1914 534 1995 Qui
556 1935 629 1978 cum
651 1915 719 2014 regi
741 1913 904 1978 militaturi
920 1935 1084 1978 oocmrere
1099 1923 1258 1999 pararent,
1280 1909 1402 1978 aGallis

299 1996 580 2062 intercurrentibus
601 1997 729 2063 inhibiti
751 2007 832 2063 sunt.
875 1995 971 2062 Unde
993 2007 1156 2064 eteorum
1179 1997 1335 2083 suppetiis
1354 2015 1402 2060 rex
1454 2001 1456 2040 l

298 2083 441 2168 privatus
463 2089 519 2145 est.
1454 2055 1456 2104 l

408 2210 459 2275 47.
503 2207 651 2274 Rodulfi⁰
672 2210 758 2296 regis
780 2211 958 2295 promotio⁰
980 2231 1018 2274 ac
1038 2209 1170 2274 Karolic
1192 2209 1309 2294 captio
1454 2181 1457 2322 l

384 2311 468 2378 Galli
503 2335 524 2378 a
555 2314 725 2399 pertinatia
759 2310 938 2376 nullatenus
974 2313 1187 2398 quiescentes,
1230 2309 1401 2390 Rodulfun,
1455 2325 1457 2390 t

299 2396 451 2462 Richardi
472 2396 710 2483 Burgundionis
731 2394 842 2478 filiurn,
870 2397 1016 2477 accitum,
1038 2395 1125 2482 apud
1146 2394 1260 2459 urbem
1284 2393 1401 2459 Suesso-
1455 2395 1457 2464 l

191 2499 237 2540 nn.
254 2500 290 2544 rs.
299 2482 421 2557 nicam,
449 2502 486 2545 eo
508 2480 584 2545 licet
611 2481 708 2545 sarisb
735 2477 926 2544 reclamante
974 2501 1082 2566 regem
1110 2477 1171 2544 sibi
1227 2477 1401 2558 refecenmt,

299 2566 405 2628 virum
432 2573 594 2627 strenuum
622 2585 660 2628 ac
689 2563 802 2627 litteris
830 2528 1015 2628 liberalibus
1047 2585 1111 2628 non
1138 2584 1190 2626 me
1216 2564 1342 2628 'ecriter
1365 2563 1401 2624 in·
1455 2581 1456 2586 ¹

300 2655 463 2711 structum.
518 2645 615 2726 Quod
647 2646 846 2728 Heribertus,
877 2657 1037 2712 tantorum
1068 2647 1225 2712 malorum
1261 2647 1402 2724 incentor,

301 2751 370 2794 sese
391 2729 471 2794 velle
494 2728 705 2811 dissimulans,
732 2729 889 2794 Karolum
909 2752 944 2795 re
968 2753 1019 2795 em
1040 2753 1098 2817 per
1124 2730 1246 2816 legatos
1272 2730 1403 2808 accersit,
1457 2797 1458 2800 Ἴ

300 2814 395 2878 tantis
410 2811 545 2898 flagiciis
560 2834 594 2876 se
608 2815 701 2878 reniti
715 2811 853 2878 voluisse
867 2753 1034 2897 mandans,
1056 2815 1114 2880 sed
1135 2838 1155 2880 a
1177 2815 1403 2880 coniuratorum
1456 2845 1458 2884 t

301 2895 502 2962 multitudine
528 2895 803 2962 vehementissime
830 2920 1054 2985 suppressum,
1089 2909 1166 2964 tuno
1192 2897 1315 2962 nullum
1341 2918 1403 2962 oon·
1456 2909 1458 2988 j

301 2978 364 3044 silii
383 2979 489 3045 locum
510 2982 662 3067 patuisse,
684 3004 768 3046 nunc
783 3003 858 3047 vero
873 2983 1007 3047 remedii
1021 2992 1146 3069 partem
1168 2983 1323 3067 optimam
1344 3001 1403 3044 sese
1456 2999 1458 3086 p

300 3085 335 3129 re
360 3065 496 3150 perisse;
529 3065 613 3129 uude
635 3075 666 3130 et
687 3067 841 3130 maturius
869 3067 1012 3149 accedat,
1039 3088 1102 3152 quo
1122 3067 1183 3130 eii
1208 3087 1243 3130 se
1264 3065 1404 3130 obvenire
1456 3095 1458 3148 t

300 3086 418 3230 valeat3
441 3169 514 3212 cum
536 3150 646 3234 paucis
668 3158 784 3232 tamen,
805 3171 856 3230 ne,
877 3151 904 3214 si
926 3172 999 3214 cum
1021 3149 1128 3215 multis
1149 3173 1168 3214 a
1190 3150 1330 3248 veniant,
1351 3148 1404 3212 dis-

301 3232 472 3297 sidentium
504 3233 704 3298 animositate
730 3235 764 3297 in
790 3231 910 3298 bellum
937 3243 1107 3320 cogantur;
1150 3242 1182 3298 et
1208 3255 1267 3319 pro
1293 3231 1404 3297 itineris

301 3318 479 3400 securitate,
501 3317 528 3382 si
550 3315 612 3381 sibi
633 3315 766 3403 placeat,
794 3318 835 3383 ab
857 3319 936 3403 ipsis
958 3316 1070 3403 legatis
1091 3316 1296 3382 iurisiurandi
1318 3316 1405 3380 fidem

300 3401 446 3488 accipiat.
489 3401 570 3466 Rex,
587 3401 701 3466 horum
730 3399 887 3482 credulus,
915 3400 956 3465 ab
978 3400 1091 3486 legatis
1112 3399 1332 3466 iusiurandum
1353 3419 1404 3486 pro

300 3483 363 3549 fide
385 3507 460 3550 acce
484 3486 510 3550 it
531 3506 569 3550 ac
591 3486 658 3549 sine
680 3507 810 3549 suorum
832 3483 1059 3550 deliberatione
1081 3484 1238 3571 proditori
1263 3482 1404 3548 obvenire

298 3589 364 3632 non
379 3567 428 3632 dis
476 3569 509 3632 it.
545 3569 590 3632 Et
603 3567 848 3653 proditordolos
864 3567 1077 3650 dissimulans,
1099 3590 1173 3632 cum
1186 3570 1299 3654 paucis
1313 3586 1404 3652 aeque
1457 3639 1458 3644 γ

299 3649 346 3716 ibi
367 3651 484 3715 venitl.
527 3649 684 3736 Datisque
706 3650 822 3716 osculis
844 3653 986 3738 excepti,
1017 3650 1226 3718 familiaribus
1248 3649 1403 3736 colloquiis
1456 3713 1458 3756 ἵ

363 3809 398 3907 L)
417 3812 544 3899 Neutrum
566 3839 600 3851 -
621 3814 714 3865 vitavit
733 3813 749 3863 2
768 3813 797 3866 ia
815 3831 901 3884 marq.
1073 3888 1080 3902 ·

389 3883 401 3952 )
421 3883 507 3939 Gallis
526 3885 591 3937 odd.
611 3886 635 3951 1,
654 3886 707 3939 del.
727 3888 752 3937 2.
827 3884 877 3953 ⁸⁸⁸)
896 3891 952 3954 ntp.
973 3913 1008 3924 -
1028 3892 1154 3939 amiserat
1172 3886 1236 3939 add.
1256 3887 1281 3938 2.

373 3955 397 4026 t)
417 3959 590 4012 Germaniam
611 3959 634 4024 1,
654 3976 721 4012 corr.
741 3961 767 4012 2.
841 3956 881 4026 ἢ)
900 3961 929 4010 in
948 3959 1052 4013 Gallias
1073 3961 1096 4022 1,
1117 3977 1185 4014 corr.
1205 3960 1231 4012 2.

357 4103 380 4158 a)
396 4116 428 4159 m,
443 4105 487 4158 uls,
502 4105 528 4157 lt,
544 4115 566 4159 o,
581 4105 619 4157 K,
635 4108 688 4153 sset.
705 4115 765 4158 men,
781 4105 821 4158 nu,
837 4115 862 4146 se
877 4104 933 4147 abac.
995 4103 1019 4158 b)
1032 4109 1082 4155 poet
1098 4105 1147 4147 aad.
1195 4103 1215 4158 c)
1232 4106 1248 4158 l,
1264 4103 1317 4156 otto,
1333 4105 1341 4144 1
1355 4103 1403 4144 atre.

298 4161 322 4216 d)
337 4165 427 4207 lbvenlt
441 4175 473 4215 aa
489 4164 584 4206 obvenit
598 4164 624 4207 P.

373 4299 399 4362 1)
410 4297 558 4350 Flodoardi
568 4299 746 4350 narrationem
757 4302 850 4349 auctor
859 4297 887 4347 in
896 4295 1015 4348 favorem
1024 4295 1117 4347 Karoli
1127 4297 1247 4348 mutavit.
1293 4293 1322 4359 2)
1334 4294 1402 4345 Haeo

297 4385 330 4422 ex
348 4371 428 4423 Flod.
447 4371 516 4424 Ann.
538 4387 563 4422 a.
584 4370 645 4423 922.
721 4369 750 4437 3)
770 4369 812 4422 Of.
831 4369 910 4422 Flod.
930 4385 955 4422 a.
975 4368 1037 4420 923.
