2938 5016
301 367 336 418 24
565 363 718 416 BlOHBRI
737 363 989 416 HISTOBlABUM
1007 363 1119 416 LIBER
1137 364 1160 416 1.

241 549 292 592 ⁹21·
387 534 438 599 35.
482 531 545 599 Hic
568 551 639 595 oum
660 540 745 596 esset
765 529 940 596 clarissimo
955 533 1092 616 genere*
1113 530 1241 596 inclitus
1263 539 1294 596 et
1317 530 1402 596 Hein-
1460 565 1461 601 3

302 617 362 682 rici
392 616 551 682 Saxoniae
587 615 713 681 ducis**
748 613 832 680 filiae
859 613 1044 700 Gerbergae
1077 615 1251 700 coniugio³
1283 615 1401 678 nimium
1460 651 1461 689 3

303 700 447 782 iclxi-1,
475 702 509 764 in
530 700 660 764 nimiam
686 721 743 787 pre
765 697 933 764 insolentia
953 699 1164 764 temeritatem
1185 719 1317 785 preceps
1335 698 1401 764 fere·
1460 733 1461 738 κ

303 785 413 866 batur3
434 785 468 848 in
489 783 657 872 disciplina
671 782 801 848 militari
822 805 864 847 ex
878 783 1007 848 audatia
1021 783 1148 865 nimius,
1170 783 1252 848 adeo
1267 792 1302 846 ut
1337 782 1402 846 uod-

305 889 442 954 cumque
464 865 666 934 inevincibile
680 875 832 954 appetere
845 888 911 931 non
925 875 1094 950 metueret,
1116 887 1250 952 corpore
1265 805 1403 932 mediocri

303 960 334 1018 et
362 952 460 1017 denso
494 951 637 1038 duroque
667 950 883 1017 membrorum
915 950 1048 1034 robore,
1087 951 1210 1016 cervice
1241 949 1404 1031 inflexibili,
1454 981 1461 1022 χ

305 1034 404 1101 oculis
425 1036 546 1102 infestis
568 1046 665 1121 atque
687 1036 837 1121 inquietis
859 1035 1019 1120 sicqus***
1044 1034 1225 1117 mobilibus,
1253 1045 1404 1100 uteorum
1455 1045 1456 1052 ’

303 1119 389 1184 color
413 1121 533 1185 nemini
562 1120 603 1184 ad
632 1119 762 1206 plenum
786 1120 967 1201 innotuerit,
989 1117 1126 1205 pedibus
1153 1119 1281 1184 omnino
1306 1118 1404 1204 inpati-

305 1204 440 1286 entibus,
470 1212 575 1269 mente
596 1202 660 1268 levi
671 1206 693 1268 l.
738 1202 849 1269 Oratio
882 1204 950 1268 eius
982 1201 1134 1288 ambigua
1163 1203 1286 1268 ratione
1317 1202 1404 1266 consi·
1454 1207 1456 1242 '³

304 1297 399 1371 stens,
414 1287 621 1372 interrogatio
636 1286 748 1352 fallens
758 1299 780 1370 ⁰,
795 1288 962 1373 responsio
977 1288 1132 1374 anceps⁶3
1148 1287 1300 1352 orationis
1310 1296 1404 1373 partes
1454 1291 1461 1364 j

303 1393 374 1436 raro
404 1370 562 1436 dilucidae
592 1370 654 1436 sibi
676 1370 903 1454 cohaerebant3
933 1371 1000 1436 suis
1021 1371 1102 1436 adeo
1123 1370 1290 1456 profusus,
1317 1369 1405 1436 aliena
1454 1381 1456 1408 ³

304 1456 475 1520 enormiter
495 1456 621 1537 sitiens3
644 1455 817 1521 maioribus
839 1477 877 1520 ac
900 1453 961 1518 sibi
975 1454 1161 1541 aequalibus
1177 1476 1284 1519 coram
1299 1454 1405 1533 favens,
1460 1501 1461 1526 2

305 1538 427 1604 occulte
449 1561 524 1604 vero
545 1540 707 1620 invidens3
730 1560 836 1603 rerum
852 1538 1035 1603 confusions
1057 1560 1095 1602 ac
1114 1547 1243 1602 mutuas
1267 1537 1405 1603 dissiden-
1460 1589 1461 1592 ,

304 1625 384 1686 tium
406 1624 613 1688 insectatione
634 1622 807 1708 plurimum
828 1622 982 1709 gaudens.
1460 1659 1461 1662 =

389 1704 440 1770 36.
483 1705 570 1770 Talis
592 1707 698 1792 itaque
720 1707 753 1770 in
774 1730 808 1772 re
833 1729 883 1770 em
905 1707 1005 1770 nimia
1026 1706 1224 1770 animositate
1252 1704 1406 1770 ferebatur.
1452 1683 1456 1777 l

305 1787 519 1853 Meditabatur
541 1811 667 1876 quoque
693 1791 778 1878 regis
801 1729 1011 1856 deiectionem
1033 1788 1223 1872 admodum,
1257 1811 1295 1853 ac
1323 1787 1406 1874 pluri·
1452 1846 1461 1875 ,

306 1893 393 1935 mum
414 1871 448 1936 id
469 1875 684 1958 pertractabat
705 1875 791 1959 apud
813 1896 867 1940 eos
891 1875 946 1959 qui
968 1877 1001 1937 in
1022 1871 1154 1959 Belgica
1175 1875 1313 1958 potiores
1333 1871 1407 1935 vide·

305 1953 431 2039 bantur,
446 1977 509 2020 non
519 1959 545 2000 Η
561 1957 690 2043 quidem
704 1958 867 2040 Rotberto,
884 1957 939 2023 sed
955 1958 1015 2023 sibi
1030 1979 1166 2042 regnum
1180 1957 1345 2038 affectans,
1360 1977 1407 2020 sua
1454 1963 1461 2030 Ἃ

307 2052 455 2126 quoque⁰
484 2041 684 2128 principibus
741 2064 800 2106 ene
830 2042 937 2106 omnia
969 2041 1171 2106 distribuens.
1221 2041 1265 2106 Et
1285 2043 1406 2104 maiores
1454 2117 1455 2126 ἵ

306 2123 436 2209 quidem
458 2125 576 2210 prediis
599 2133 630 2190 et
651 2065 783 2190 aedrbus
813 2127 950 2211 egregiis
979 2124 1087 2190 inclite
1117 2125 1275 2204 donabat,
1303 2124 1406 2189 medio-

306 2229 374 2272 cres
396 2218 503 2274 autem
526 2210 595 2274 auri
617 2218 649 2274 et
670 2231 705 2274 ar
728 2210 793 2274 enti
815 2208 941 2275 talentis
964 2208 1137 2274 efficaciter
1166 2207 1325 2274 illiciebat.
1364 2209 1408 2271 Fit
1455 2219 1456 2280 j

304 2293 412 2391 itaque
442 2292 613 2358 multorum
644 2317 685 2359 ex
743 2293 846 2378 elgica
880 2315 952 2356 cum
980 2314 1017 2357 eo
1047 2315 1230 2358 consensus.
1275 2292 1338 2358 Sed
1356 2292 1406 2355 hoc
1454 2301 1455 2315 ³

306 2386 382 2441 satis
397 2378 564 2462 inprovide
579 2400 617 2441 ac
631 2376 814 2442 inconsulte.
860 2377 945 2442 Nam
966 2376 1055 2442 iicetf
1076 2377 1116 2442 ob
1131 2398 1248 2462 magna
1268 2375 1407 2442 beneficia
1455 2391 1461 2420 τ

306 2470 505 2544 comparatos
535 2462 596 2526 sibi
622 2463 821 2546 attraxisset,
847 2483 911 2526 non
940 2469 1047 2528 tamon
1075 2482 1116 2525 ex
1150 2461 1349 2526 iureiurando
1374 2456 1406 2520 ad
1460 2527 1461 2534 ἵ

302 2543 493 2628 patrandum
515 2544 639 2608 facinus
662 2545 723 2609 sibi
744 2546 907 2610 annexuit.
949 2544 1077 2610 Leviter
1092 2565 1167 2629 ergo
1190 2546 1324 2628 attracti,
1343 2542 1407 2607 levi·

303 2635 352 2690 ter
373 2635 445 2710 post
466 2627 628 2692 dissociati
649 2627 746 2692 fuere.
1456 2699 1461 2704 „

389 2711 439 2774 37.
483 2710 565 2774 Nam
588 2732 661 2774 cum
683 2709 831 2791 Karolus,
854 2712 915 2776 hoc
936 2711 1058 2792 auditn,
1082 2734 1101 2776 a
1123 2710 1246 2776 Celtica
1272 2733 1344 2776 cum
1364 2731 1408 2774 ex·
1456 2713 1461 2784 ἰ

305 2793 405 2859 ercitu
426 2792 544 2859 rediret
564 2793 672 2881 Belgis
697 2818 737 2860 ue
758 2793 876 2860 bellum
899 2796 1013 2861 inferre
1034 2807 1175 2882 pararet,
1206 2794 1323 2881 Belgae
1343 2814 1407 2857 mox
1455 2801 1458 2849 i

304 2899 369 2942 non
390 2877 424 2940 in
439 2888 549 2962 aperto
573 2900 647 2942 cum
671 2817 850 2945 disieberto
865 2881 1011 2945 resistere
1033 2881 1095 2944 nisi
1110 2888 1192 2962 sunt,
1216 2880 1272 2944 sed
1296 2877 1408 2965 oppidis
1457 2895 1458 2900 ¹

304 2983 343 3026 ac
365 2961 548 3047 municipiis
559 2973 600 3016 Μ
624 2985 691 3029 sese
713 2962 890 3029 recludunt.
933 2964 1005 3028 Rex
1021 2985 1098 3028 vero
1113 2962 1247 3049 singulis
1263 2965 1317 3050 qui
1331 2962 1367 3026 ab
1381 2981 1407 3023 se

305 3044 487 3111 defecerant
507 3045 630 3131 legatos
653 3047 778 3132 dirigit,
801 3070 858 3132 per
880 3069 960 3133 quos
983 3047 1198 3132 significabat,
1226 3069 1296 3112 sese
1321 3041 1408 3129 regali

305 3138 400 3215 atque
423 3127 567 3194 sollemni
588 3129 759 3196 donatione
780 3129 984 3215 largiturum,
1008 3131 1160 3218 quicquid
1189 3133 1235 3196 eis
1256 3131 1297 3196 ab
1321 3127 1409 3196 Gisle-

305 3212 396 3279 berto
418 3212 601 3299 prediorum
624 3225 655 3280 et
676 3214 804 3280 aedium
827 3213 974 3279 collatum
997 3225 1054 3298 est,
1077 3236 1146 3280 sese
1184 3237 1290 3301 uoque
1313 3223 1410 3278 contra

306 3295 522 3364 Gislebertum
544 3321 602 3385 pro
625 3299 671 3364 eis
695 3307 897 3382 certaturum,
920 3300 947 3362 si
961 3300 989 3363 is
1005 3300 1050 3364 eis
1065 3320 1107 3362 ex
1122 3236 1243 3364 collatis
1258 3296 1409 3363 beneficiis

306 3383 479 3470 quicquam
506 3395 650 3530 repetere
677 3382 763 3448 velit.
813 3383 885 3462 Quo
908 3384 1008 3468 eapti,
1042 3403 1120 3446 mox
1141 3383 1209 3448 iure
1231 3379 1408 3448 sacramenti

304 3465 346 3530 ad
367 3489 476 3551 regem
498 3490 532 3530 re
556 3476 642 3548 eunt,
665 3467 845 3552 habitisque
867 3467 1043 3532 rationibus
1073 3467 1225 3614 puicquid
1253 3465 1409 3532 beneficio-

303 3571 375 3613 rum
397 3551 437 3614 ab
461 3548 640 3614 Gisleberto
662 3551 707 3614 eis
730 3548 877 3614 collatum
899 3550 977 3634 fuit,
999 3571 1099 3636 regar
1120 3549 1287 3636 largitatel
1310 3550 1410 3614 firmis·

378 3689 402 3758 *)
422 3692 518 3758 opibus
538 3697 564 3743 et
583 3708 681 3759 genere
700 3692 800 3745 Elskeh.
875 3692 910 3759 “i
930 3696 965 3746 H.
985 3697 1209 3748 Transrhenensis
1228 3697 1328 3749 Eiskcb.

355 3761 404 3832 m)
423 3767 516 3830 sicque
538 3792 568 3800 —
590 3768 646 3820 inn.
666 3765 682 3814 2
701 3766 730 3816 in
748 3784 841 3834 marq,
869 3768 960 3820 deletis
986 3785 1054 3834 quae
1078 3769 1177 3835 scripta
1196 3778 1287 3820 erant:
1313 3768 1409 3819 naribus

423 3854 487 3890 vero
507 3839 616 3890 iniurias
636 3845 715 3905 atque
736 3847 914 3908 contemptum
933 3843 1079 3894 insolenter
1098 3843 1268 3910 spirantibus.

378 3908 403 3976 i)
422 3914 451 3963 in
472 3913 657 3980 controversiis
677 3913 798 3966 insensus
818 3914 896 3965 simul
917 3921 943 3967 et
961 3919 1069 3982 negotio
1090 3915 1128 3984 (i)
1147 3915 1210 3967 odd.
1233 3917 1256 3978 1,
1277 3917 1327 3968 del.
1348 3916 1369 3964 2.

367 3981 405 4052 it)
425 4001 452 4038 n.
473 4001 531 4036 cum
553 3984 632 4052 (corr.
653 3985 772 4054 quidem)
793 4014 827 4024 -
847 3988 977 4041 affectans
997 3989 1062 4042 add.
1082 3990 1097 4038 2
1117 3987 1147 4040 ia
1165 4005 1249 4056 uterq.

363 4111 387 4166 a)
404 4113 551 4156 matrimonio
569 4117 589 4167 l,
611 4124 717 4164 aspernor.
732 4115 770 4156 vel
787 4116 902 4164 coniugio.
964 4116 987 4170 b)
1002 4117 1060 4160 felix
1076 4137 1102 4147 -
1120 4116 1214 4158 audatis
1229 4117 1312 4157 in'loco
1327 4123 1373 4154 raso
1387 4111 1407 4158 it

304 4173 359 4214 satis
375 4173 456 4215 beatus
471 4174 521 4214 Eiet.
598 4171 620 4224 c)
637 4183 721 4223 anceps
738 4176 758 4214 1.
833 4173 856 4226 d)
873 4175 956 4216 faiisns
973 4178 993 4218 1.
1069 4173 1091 4228 e)
1106 4175 1219 4226 possead.
1295 4173 1313 4226 t)
1329 4182 1375 4212 cum
1389 4171 1404 4206 1.

306 4229 329 4283 g)
346 4233 513 4273 munitionibus
530 4234 551 4273 1.
612 4230 636 4284 h)
653 4233 765 4280 dignitate
782 4234 803 4278 1.

379 4325 406 4394 l)
420 4329 474 4379 Diu
488 4333 549 4394 post
562 4329 728 4382 Gislebsrtus
742 4330 817 4382 duxit
830 4330 1002 4398 Gerbergam.
1060 4331 1087 4398 2)
1107 4334 1125 4385 i.
1141 4347 1163 4384 e.
1179 4333 1280 4395 castris,
1294 4322 1406 4380 castellis·
