2936 5010
327 367 377 419 176
563 365 716 418 menam
734 365 987 419 HISTORIARUM
1008 365 1119 418 LIBER
1137 367 1205 418 1111„

265 545 409 600 ⁹⁹⁵·nunc
430 543 504 620 post
525 542 571 598 tot
593 533 834 600 ammonitiones
856 534 1009 598 domnum
1029 534 1113 598 bunc
1129 533 1280 599 abbatem
1293 533 1423 599 Leonem

325 627 356 685 et
376 618 568 683 monachum
590 617 714 682 mittere
736 617 852 699 voluit,
882 621 937 704 qui
965 620 1051 682 vices
1079 640 1152 682 suas
1180 627 1287 684 teneat
1314 628 1344 683 et
1363 641 1422 682 rem

324 711 530 768 memoratam
552 699 645 765 nobis
668 699 908 768 oboedientibus
931 701 1095 766 discuciat
1138 703 1201 768 Per
1222 725 1316 788 quem
1337 703 1422 767 etiam

324 787 477 872 scripturn
499 807 573 850 suae
595 784 766 850 voluntatis
786 784 952 872 allegavit,
979 795 1028 868 ut,
1056 787 1083 850 si
1126 785 1182 850 uid
1204 785 1322 852 oblivio
1344 786 1422 850 dero-

1105 809 1200 952 buod
1221 880 1253 936 et
1274 873 1422 956 inpressu·

224 603 277 647 iuu.
296 607 314 645 i.

323 880 425 956 garet,
455 872 573 956 scripto
603 869 859 936 commendatum
884 869 1061 936 haberetur.

323 957 437 1018 tiarum
460 954 569 1018 audire
591 952 666 1018 utile
689 955 754 1018 est'.
798 953 840 1018 Et
862 955 967 1020 statim
994 953 1126 1040 protulit
1155 955 1311 1040 scriptum
1337 965 1421 1039 atque

322 1041 355 1103 in
373 1061 465 1103 aures
480 1037 712 1102 considentium
727 1038 881 1120 recitavit,
905 1037 999 1124 quod,
1016 1039 1092 1124 quia
1106 1038 1254 1104 brevitati
1270 1038 1422 1104 studemus

323 1131 354 1188 et
374 1121 467 1187 nobis
488 1123 592 1186 minus
622 1120 682 1188 fuit
708 1121 967 1205 accommodum,
995 1123 1111 1188 nostris
1140 1123 1268 1208 scriptis
1296 1125 1421 1187 inserere

320 1208 521 1273 vitavimus1.

396 1363 465 1426 101.
511 1361 621 1428 Oratio
645 1359 810 1427 Gerberti⁸
832 1384 890 1447 pro
913 1385 946 1428 se
967 1363 1020 1426 inl
1043 1361 1199 1427 concilio⁸
1221 1365 1361 1428 recitata.

406 1465 483 1530 Post
504 1466 595 1528 cuius
628 1465 846 1529 recitationem
870 1462 1045 1530 Gerbertus
1074 1466 1213 1530 surrexit
1241 1473 1273 1528 at
1296 1487 1334 1528 ue
1363 1485 1421 1528 ora-

320 1548 438 1614 tionem
461 1570 518 1634 pro
541 1571 575 1612 se
596 1549 747 1634 scriptam
769 1549 802 1611 in
824 1547 958 1612 concilio
981 1569 1057 1612 mox
1079 1549 1233 1612 recitavit.
1309 1549 1419 1634 atisque

321 1633 407 1718 apud
429 1630 498 1696 illos
519 1631 695 1698 luculenter
715 1633 884 1718 peroravit.
929 1631 992 1696 Sed
1007 1631 1089 1697 banc
1104 1631 1221 1696 addere
1236 1631 1288 1696 bic
1303 1631 1420 1718 placuit,

322 1716 408 1866 ppod
429 1715 523 1802 plena
543 1717 718 1782 rationibus
741 1715 911 1815 plurimam
932 1714 1043 1780 lectori
1065 1715 1232 1782 utilitatem
1258 1725 1419 1802 comparat.

350 1802 420 1865 uius
442 1809 548 1865 textus
569 1799 751 1864 huiusmodr
773 1801 879 1864 est⁰·*:

200 1984 213 2004 '
225 1999 248 2040 p.
259 1987 309 2031 aas.
391 1973 419 2040 ¹¹¹)
727 1971 831 2040 ⁸(102.)
869 1973 1023 2028 Exordium.

439 2067 559 2134 ‘Semper
583 2067 704 2133 quidem,
730 2067 936 2118 reverentissimi
954 2071 1056 2133 patres,
1083 2065 1153 2117 hanc
1178 2065 1249 2116 diem
1274 2081 1320 2133 pre
1344 2064 1419 2116 oculis
1456 2085 1457 2114 3

438 2141 533 2204 habui,
559 2156 606 2207 spe
629 2155 663 2190 ao
689 2145 750 2191 voto
770 2139 804 2190 ad
825 2154 882 2190 eam
902 2138 1018 2203 intendi,
1044 2155 1077 2190 ex
1101 2155 1153 2205 quo
1177 2155 1194 2188 a
1215 2139 1337 2190 iratribus
1361 2138 1419 2188 meis

438 2213 602 2277 admonitus,
629 2229 694 2264 onus
714 2215 765 2264 hoc
790 2212 934 2264 sacerdotii
957 2227 1010 2263 nou
1030 2213 1086 2264 sine
1112 2212 1231 2279 periculo
1257 2213 1351 2278 capitis
1374 2213 1419 2261 mei

437 2288 515 2340 subii.
553 2288 632 2338 Tanti
652 2291 709 2338 erat
728 2286 799 2354 apud
818 2301 860 2336 me
880 2287 1015 2353 pereuntis
1033 2286 1125 2353 populi
1144 2286 1231 2349 salus,
1257 2287 1323 2336 tanti
1341 2291 1419 2335 vestra

437 2362 595 2422 auctoritas,
622 2376 674 2426 qua
693 2376 735 2410 me
755 2364 838 2410 tutum
863 2357 919 2409 sore
945 2359 1138 2410 existimabam.
1176 2358 1347 2410 Recordabar
1367 2373 1419 2424 pre·
1457 2369 1458 2374 ’

437 2435 572 2486 teritorum
587 2432 783 2494 beneficiorum,
798 2431 883 2482 dulcis
897 2436 977 2497 atque
987 2432 1100 2484 affabilis
1111 2433 1307 2483 benivolentiae
1318 2435 1418 2492 vestrae,

438 2523 491 2574 qua
518 2521 709 2572 saepenumero
739 2521 798 2556 cum
827 2504 911 2556 multa
932 2504 1012 2556 laude
1036 2507 1209 2572 prestantium
1234 2521 1296 2557 usus
1319 2505 1417 2555 fueram.

438 2581 505 2632 Cum
525 2595 588 2630 ecce
608 2573 731 2630 subitus⁴l
750 2595 838 2629 rumor
866 2594 914 2629 vos
940 2579 1054 2630 offensos
1079 2580 1196 2631 insinuat
1221 2581 1337 2645 vitioque
1361 2577 1417 2626 dare

437 2654 558 2716 laborat,
587 2652 658 2719 quod
688 2667 785 2718 magna
814 2657 934 2718 paratum
962 2653 1059 2703 virtute
1088 2653 1156 2703 inter
1185 2652 1252 2704 alios
1281 2651 1416 2702 constabat.
1458 2671 1459 2684 ι

437 2727 548 2788 Horrui,
571 2725 670 2787 fateor3
704 2731 730 2775 et
755 2741 821 2791 quos
845 2730 907 2776 aute
932 2724 1108 2776 formidabam
1132 2724 1253 2790 gladios,
1283 2741 1329 2792 pre
1357 2722 1417 2774 indi·

437 2800 563 2865 gnatione
581 2803 670 2849 vestra
688 2798 839 2866 posthabui.
875 2798 952 2848 Nunc
972 2799 1035 2864 quia
1053 2799 1169 2865 propitia
1187 2799 1319 2850 Divinitas
1338 2810 1416 2848 coram

438 2870 561 2939 contulit,
582 2871 677 2937 quibus
701 2871 814 2923 salutem
840 2886 925 2922 meam
951 2886 1056 2938 semper
1079 2873 1213 2932 commisi,
1238 2887 1325 2938 pauca
1348 2883 1416 2936 super

437 2946 617 2995 innocentiam
636 2961 722 2996 meam
741 2945 866 3009 referam,
893 2949 1053 3010 etquenam
1074 2944 1184 2996 consilio
1206 2945 1266 2995 urbi
1287 2945 1415 2996 Remorum

438 3019 557 3086 prelatus
576 3019 624 3069 sim
646 3018 799 3070 edisseram.
837 3017 895 3083 Ego
916 3019 1014 3084 quippe
1034 3024 1094 3084 post
1113 3018 1214 3069 obitum
1235 3017 1290 3068 divi
1303 3015 1415 3070 Otthouis

438 3093 557 3158 augusti,
582 3107 640 3141 cum
666 3093 815 3143 statuissem
841 3105 894 3141 uon
920 3089 1057 3142 discedere
1084 3107 1101 3142 a
1126 3091 1252 3142 clientela
1275 3092 1355 3158 patris
1372 3086 1415 3138 mei

438 3166 509 3216 besti
523 3164 707 3230 Adalbcronis,
729 3165 763 3215 ab
782 3163 877 3214 eodem
889 3164 1016 3228 ignorans
1029 3165 1063 3214 ad
1082 3164 1261 3216 sacerdotium
1280 3163 1416 3231 preelectus

436 3255 508 3302 sum;
538 3244 618 3303 atque
642 3239 670 3288 iu
698 3238 754 3288 eins
780 3235 900 3288 discessu
930 3236 965 3287 ad
990 3238 1133 3289 Dominum
1163 3253 1252 3290 coram
1284 3237 1415 3288 illustribus

436 3313 499 3362 viris
524 3311 625 3362 iuturus
651 3310 783 3362 ecclesiae
802 3315 899 3377 'pastor
924 3309 1087 3376 designatus.
1131 3312 1186 3364 Sed
1205 3311 1356 3364 Simoniaca
1377 3309 1415 3358 be·

435 3385 501 3436 resis
520 3386 548 3435 in
560 3385 633 3434 Petri
645 3383 781 3436 soliditate
794 3399 836 3434 me
855 3387 970 3436 stantem
983 3385 1129 3447 inveniens,
1148 3385 1272 3450 reppulit,
1291 3381 1415 3435 mandam

435 3458 552 3524 pretulit.
609 3457 659 3508 Cui
682 3463 772 3508 tamen
797 3455 856 3523 plus
881 3473 958 3522 quam
985 3459 1129 3524 oportuerit
1159 3456 1241 3508 fidum
1272 3456 1415 3522 obsequium

436 3531 543 3597 prebui,
576 3529 661 3581 donec
693 3546 752 3581 eum
775 3545 823 3596 per
847 3530 943 3582 multos
969 3537 996 3580 et
1024 3547 1072 3598 per
1095 3546 1137 3581 me
1162 3536 1313 3596 apostatare
1337 3527 1415 3596 palam

436 3602 603 3668 intelligens,
629 3602 690 3654 dato
716 3603 820 3670 repudii
842 3602 948 3666 libello,
974 3619 1034 3654 curn
1058 3603 1179 3655 omuibus
1198 3605 1253 3654 suis
1273 3600 1414 3670 apostaticis

437 3675 580 3741 dereliqui3
601 3691 653 3726 nou
673 3693 729 3743 spe,
748 3692 799 3727 uec
812 3677 936 3740 pactione
950 3677 1108 3743 capessendi
1122 3679 1178 3728 eius
1198 3677 1312 3742 honoris,
1330 3681 1358 3726 ut
1371 3671 1415 3724 mei

432 3747 534 3798 aemuli
548 3748 652 3812 dicunt,
665 3749 714 3800 sed
727 3751 897 3800 monstruosis
909 3750 1032 3816 operibus
1043 3750 1161 3801 diaboli0
1171 3752 1285 3815 territus,
1298 3751 1325 3800 in
1338 3747 1415 3811 effigie

437 3821 550 3872 hominis
568 3821 707 3874 latitantis.
744 3823 812 3885 Non,
831 3823 948 3888 inquam,
968 3823 1028 3874 ideo
1047 3823 1121 3874 illum
1147 3822 1293 3889 dereliqui,
1320 3821 1365 3874 sed
1387 3833 1415 3868 ne

200 3912 221 3952 τε
234 3910 309 3953 rma
436 3893 503 3944 illud
534 3895 717 3962 propheticum
747 3896 923 3947 incurrerem:
968 3896 1071 3964 “impio
1102 3896 1197 3964 prebes
1229 3896 1365 3956 auxilium,
1393 3894 1415 3940 el

236 3970 271 4010 19.
288 3972 308 4011 i.

377 4039 399 4094 a)
416 4039 550 4094 G(erbertt),
565 4042 587 4082 io
603 4041 660 4082 abso.
731 4039 754 4093 b)
771 4045 793 4082 et
808 4052 822 4082 a
837 4051 861 4082 se
877 4043 951 4082 lectae
968 4044 988 4085 1.
1061 4041 1173 4094 c)sotium
1187 4047 1290 4090 marauna,
1306 4042 1339 4082 eat
1353 4036 1414 4079 oratio

318 4099 423 4150 inscripta
439 4106 492 4148 erat,
505 4101 577 4150 periit.
603 4100 631 4140 Ar
646 4100 745 4140 addimus
760 4111 805 4140 sam
820 4101 882 4150 s'qsra
897 4111 922 4140 su
937 4101 1006 4141 codice
1022 4101 1161 4152 Laecam
1175 4101 1298 4144 iateraodd.
1312 4099 1414 4140 Vosstcaos

318 4158 345 4196 N.
361 4159 405 4210 64,
421 4160 459 4199 aba·
473 4161 538 4200 madeo
554 4159 690 4206 amaduttor,
711 4170 775 4209 qaam
790 4160 849 4209 opud
864 4159 1023 4200 Oraiartatorss
1041 4161 1154 4210 moratur,
1176 4165 1241 4201 extat.
1307 4157 1329 4210 d)
1348 4156 1414 4197 subito

313 4220 448 4258 *contrarius
463 4220 494 4260 ed.
551 4218 575 4270 a)
591 4219 646 4258 deest
660 4229 692 4267 c.;
709 4229 729 4258 o.
745 4219 832 4258 diaboli
846 4220 938 4259 virtutis
953 4220 978 4260 lu
994 4219 1025 4260 ed.

392 4348 422 4414 i)
441 4350 534 4416 Neque
552 4352 625 4418 apud
645 4351 802 4406 Gerbertum
820 4351 925 4420 legitur.
