2938 5016
321 443 354 492 12
575 441 730 493 RIOHERI
750 440 1002 493 HISTORIARUM
1020 441 1133 492 LIBER
1151 440 1174 492 1.

260 609 476 675 ssaRotberto
507 607 631 674 Gallia¹
665 607 787 674 Celtica
819 607 951 690 collata,
983 610 1017 672 in
1052 607 1280 672 Saxoniam*·²
1314 606 1421 671 secedit.

324 693 423 760 Cuius
444 691 540 758 urbes
563 692 717 780 sedesque
732 693 837 777 regias
852 691 998 776 lustrans,
1014 714 1087 758 cum
1106 693 1234 779 oppidis
1254 690 1341 755 nullo
1360 691 1423 754 reni-

324 787 411 844 tente
433 776 577 844 obtinuit.
621 777 689 842 Ubi
697 779 726 810 **
749 779 846 844 etiam
861 776 1081 858 Heinricum¹‚
1103 777 1192 861 regio
1215 797 1334 862 genere
1353 772 1423 838 incli-

323 871 392 926 tum
407 861 534 928 scinde
550 862 729 944 oriundum,
750 861 865 926 ducem
881 860 1029 926 omnibus
1050 860 1183 946 preficit.
1229 859 1424 926 Sarmatashi

324 946 446 1032 absque
468 945 569 1032 prelio
592 946 737 1011 subditos
764 944 884 1011 habuit.
927 943 1074 1031 Anglos⁰
1095 966 1222 1043 quoque
1244 966 1284 1010 ac
1305 943 1423 1092 relirpuos
1463 1012 1464 1021 χ

322 1031 605 1096 transmarinorum
627 1029 765 1116 populos
786 1029 869 1094 mira
889 1027 1104 1094 benivolentia
1123 1027 1207 1092 sibitl
1221 1028 1340 1113 adegit
1399 1027 1424 1090 ix

323 1125 452 1180 tamen⁰
475 1137 533 1214 per
562 1114 751 1178 decennium
761 1125 783 1178 θ.
826 1113 871 1178 Et
899 1112 980 1180 forte
1012 1112 1213 1178 felicissimus
1245 1133 1306 1198 per
1338 1133 1425 1176 omma

323 1199 443 1283 fuisset,
466 1222 493 1262 s1
515 1201 550 1263 in
570 1219 633 1262 uno
655 1199 790 1262 nimium
811 1218 877 1262 non
898 1207 1042 1262 errasset.

436 1318 484 1382 15.
528 1317 654 1382 Nimial
672 1317 807 1382 Karolif
829 1317 975 1382 dilectior
997 1339 1074 1404 erga
1094 1316 1337 1404 Haganonem'.

408 1420 492 1486 Nam
515 1442 587 1484 cum
609 1419 709 1486 multa
730 1420 926 1506 benignitate
948 1420 1108 1508 principes
1135 1417 1260 1502 coleret,
1312 1419 1374 1482 reci
1395 1440 1425 1480 ua
1464 1452 1465 1461 κ

324 1515 433 1570 tamen
447 1504 642 1570 beatitudine
658 1505 711 1570 Ha
735 1527 872 1570 auonem
887 1503 1036 1584 habebat,
1059 1525 1155 1589 quem
1169 1524 1211 1566 ex
1225 1441 1425 1568 mediocribus

206 1609 237 1664 ’ρ
263 1597 489 1674 inpotentem
511 1590 673 1672 effecerat3
696 1527 777 1654 adeo
792 1597 827 1654 ut
841 1587 1044 1736 mapnatibus
1059 1586 1237 1734 quibusplue
1260 1587 1371 1672 *longe
1384 1585 1426 1650 ab·

327 1671 520 1754 sistentibus,
549 1673 619 1758 ipse
640 1675 729 1756 regio
751 1673 842 1738 lateri
864 1694 898 1736 so
911 1695 949 1736 us
970 1672 1122 1752 haereret,
1151 1672 1183 1756 pi
1209 1693 1283 1734 eum
1305 1673 1425 1735 etiams

327 1757 431 1840 capite
453 1757 539 1840 regis
561 1757 727 1842 sepissime
750 1766 913 1844 sumptum
927 1757 1034 1842 palam
1050 1755 1111 1820 sibi
1125 1757 1312 1841 imponeret.
1346 1753 1425 1834 Quod
1465 1786 1466 1795 κ

325 1843 421 1904 etiam
450 1839 582 1904 multam
609 1842 679 1924 regi
704 1840 811 1905 intulit
838 1840 975 1906 labemss.
1018 1839 1148 1904 Etenim
1169 1841 1323 1924 primates
1344 1839 1375 1902 id
1392 1837 1406 1900 f
1417 1877 1425 1884 -

324 1932 429 1989 rentes
450 1924 627 2008 indignum,
648 1947 758 2010 regem
779 1924 899 1990 adeunt
919 1947 957 1990 ac
983 1923 1071 2010 apud
1088 1946 1161 1987 eum
1184 1924 1282 1988 satish
1305 1944 1425 2022 conque-

323 2017 444 2090 runtur,
469 2006 631 2072 hominem
654 2008 797 2074 obscuris
825 2007 1010 2108 parentibus
1031 2018 1142 2072 natum
1163 2010 1271 2092 regiae
1293 2007 1424 2092 digmtati
1465 2026 1466 2029 ¹

323 2089 458 2156 mutum
474 2091 636 2178 derogare,
659 2115 731 2157 cum
746 2094 813 2158 acsi
827 2093 1004 2192 indigentia
1017 2091 1172 2156 nobilium
1188 2093 1258 2176 ipse
1275 2101 1425 2177 tamquam
1465 2120 1467 2133 .

323 2175 522 2240 consulturus
544 2177 612 2262 regi
635 2179 778 2260 assistat;
801 2187 833 2242 st
852 2179 915 2242 nisr
934 2201 954 2242 a
973 2185 1061 2242 tauta
1081 2176 1307 2240 consuetudine
1329 2183 1425 2254 cesset

322 2282 392 2325 sese
415 2283 435 2326 a
455 2262 540 2347 regis
556 2260 688 2326 consilio
703 2263 830 2348 penitus
845 2261 1049 2326 discessuros.
1093 2261 1164 2324 Rex
1187 2258 1425 2324 dissuasionibus

320 2345 370 2410 his
392 2346 523 2410 minime
545 2345 702 2428 credulus,
725 2369 745 2410 a
767 2344 881 2410 dilecto
902 2367 968 2410 non
989 2347 1093 2410 cessit.

491 2467 539 2530 16.
583 2467 781 2552 indignatioi
803 2466 963 2531 Rotbertii
985 2466 1018 2528 in
1040 2464 1279 2550 Haganonemt

404 2566 529 2632 Interea
543 2567 717 2653 Belgicaek
740 2567 890 2632 urbibusl
913 2577 1008 2654 atque
1031 2565 1157 2652 oppidis
1179 2567 1358 2630 firmissime
1379 2585 1424 2648 op·

319 2649 425 2731 tentis,
446 2651 480 2712 in
488 2653 532 2681 ***
549 2650 703 2716 Celticam
724 2651 807 2714 redit
827 2672 865 2716 ac
886 2651 965 2716 urbe
989 2651 1181 2718 Suessonica
1201 2652 1314 2736 recipit
1335 2657 1423 2714 sessi

320 2731 395 2796 Huc
417 2754 459 2796 ex
482 2736 569 2798 omni
593 2734 698 2800 Gallia
718 2736 880 2821 principes
903 2735 1076 2800 confluunt.
1119 2735 1193 2799 Huc
1214 2736 1312 2800 etiam
1336 2734 1424 2796 mino-

319 2818 393 2880 res†
414 2817 513 2882 multo
540 2820 648 2884 favore
678 2819 870 2885 conveniunt
878 2821 913 2884 a·
958 2821 1044 2885 Inter
1067 2841 1145 2906 quos
1169 2841 1241 2882 cum
1264 2817 1423 2884 Rotbertus

392 2971 414 3038 ⁸)
434 2971 473 3024 iia
492 2973 518 3024 Ι.
544 2973 684 3040 Belgicam
707 2977 730 3028 1.

379 3043 416 3112 ³)
434 3046 489 3097 Ubi
507 3074 543 3084 —
562 3047 667 3113 preficit
687 3049 702 3098 2
722 3047 751 3098 in
770 3045 893 3114 inferiori
911 3047 1040 3115 marpissa,
1060 3045 1121 3099 aliis
1140 3048 1232 3099 erasis.

363 3116 413 3185 m)
434 3118 573 3181 Celticam,
593 3137 652 3176 rec,
668 3136 727 3172 sese
747 3123 763 3169 2
782 3122 811 3171 ia
825 3122 879 3172 loco
894 3137 972 3181 rasa·
983 3122 1104 3187 fortasse
1122 3121 1213 3187 Aquas
1231 3114 1422 3186 semptemfuii.

438 3209 497 3243 cum
522 3193 658 3260 paschalis
685 3194 850 3246 sollemnitas
874 3197 1039 3256 immineret,
1067 3195 1229 3262 Aquisgr'ani
1258 3194 1356 3263 palatio
1383 3205 1422 3241 rex

436 3282 495 3318 sese
514 3269 625 3335 recepit.
665 3269 727 3320 Huc
746 3267 845 3320 arrei.

388 3336 415 3407 i)
434 3340 583 3393 mediocres
601 3341 703 3394 Eitea.

378 3410 416 3482 ἢ)
437 3417 613 3478 conveniunt3
642 3421 734 3467 assunt
754 3421 781 3466 et
800 3415 891 3478 duces,
912 3429 945 3464 ex
964 3415 1081 3466 Saxonis
1100 3413 1208 3480 quidem
1228 3412 1377 3470 Heinricns,
1395 3423 1423 3457 ex

436 3488 526 3539 Gallia
544 3491 715 3556 Rootpertus.
755 3488 873 3540 Cottidie
898 3503 976 3538 secus
995 3487 1066 3539 fores
1087 3488 1156 3553 regii
1180 3483 1299 3538 cubiculi
1319 3487 1423 3542 manent,

374 3611 397 3665 a)
414 3615 524 3654 Heinrtco
540 3626 596 3656 corr.
614 3615 756 3656 Heinricum.
817 3612 841 3666 b)
859 3625 951 3664 quoque
966 3615 1006 3654 det.
1067 3612 1088 3666 c)
1105 3614 1233 3662 angiorum
1248 3614 1289 3654 del.
1335 3609 1355 3662 d)
1372 3609 1423 3649 mili-

315 3676 364 3712 tare
382 3676 402 3714 1.
449 3671 471 3723 e)
485 3673 512 3713 V.
528 3677 544 3711 i.
560 3684 582 3722 p.
600 3673 621 3714 el.
638 3674 661 3712 ia
676 3685 757 3724 mars.,·
774 3683 810 3725 sn,
826 3675 890 3715 nium
905 3675 961 3714 etse.
1006 3670 1072 3726 ola,
1088 3672 1197 3726 K(aroli)‚
1212 3674 1243 3724 io,
1260 3665 1422 3725 negaueram)

315 3732 372 3773 abac.
433 3728 456 3781 g)
474 3731 627 3772 calamitatem
644 3734 664 3772 1.
724 3731 748 3784 h)
764 3743 781 3772 s.
797 3733 851 3772 inde
869 3735 889 3774 i.
941 3730 958 3782 i)
974 3733 1044 3784 natio,
1060 3732 1136 3782 iberti,
1152 3741 1252 3772 anonam
1268 3733 1325 3774 abac.
1366 3727 1389 3781 k)
1403 3728 1423 3765 ta

316 3790 362 3829 loco
382 3800 448 3839 raso,·
465 3789 596 3830 Galliarum
612 3790 755 3839 Meterius,
771 3792 809 3841 qai
824 3793 874 3831 hese
890 3792 1007 3841 asscripsit.
1068 3789 1086 3843 i)
1103 3791 1186 3831 tinibus
1203 3793 1224 3830 1.
1373 3785 1378 3794 ”

390 3905 417 3964 1)
436 3905 514 3954 Haec
538 3919 623 3970 usque
646 3904 766 3972 praeficit
792 3905 971 3957 Elrlrehardus
990 3905 1092 3971 Uraug.
1111 3906 1140 3954 in
1158 3904 1220 3955 hist.
1240 3902 1361 3954 Heinriei
1384 3915 1422 3949 ex-

315 3977 437 4044 scripsit;
459 3977 494 4028 cf.
513 3977 597 4044 prael.
677 3976 707 4044 2)
725 3979 779 4032 Hic
799 3987 825 4032 st
844 3981 872 4029 in
891 3979 1066 4046 sequentibus
1085 3977 1166 4029 lectio
1185 3978 1257 4044 prior
1277 3993 1337 4028 cum
1354 3988 1422 4040 pras-

314 4052 384 4104 ssnti
404 4049 511 4114 collata,
531 4057 675 4114 auctorem,
695 4054 790 4104 insano
810 4052 926 4120 quodam
945 4054 1033 4118 gentis
1054 4051 1143 4104 studio
1164 4049 1320 4114 abductum,
1338 4045 1422 4112 Belgis

314 4125 444 4188 Saxones,
474 4123 624 4176 Gislebsrto
649 4126 806 4176 Heinricum
832 4126 1010 4189 substituisse,
1031 4124 1119 4178 docet.
1157 4123 1240 4176 Fides
1268 4123 1365 4175 talibus
1392 4118 1422 4169 ab

313 4197 478 4250 Eklrshardo
491 4198 653 4264 Uraugiensi
673 4200 812 4264 exscriptis
832 4200 939 4250 omnino
958 4197 1091 4264 neganda,
1111 4203 1138 4248 et
1155 4197 1289 4249 historicis
1309 4195 1343 4246 ad
1361 4192 1422 4242 anti·

314 4286 394 4336 quam
413 4269 556 4322 lectionem
576 4271 646 4321 infra
665 4272 819 4322 adnotatam
838 4273 1004 4323 redeundum
1025 4277 1073 4323 est.
1094 4297 1128 4308 -
1156 4269 1197 4322 Cf.
1216 4269 1337 4330 Wittich,
1361 4267 1419 4316 llor-

313 4343 452 4410 schungen
468 4344 521 4408 111,
540 4361 567 4410 p.
580 4345 631 4395 10⁶
642 4361 711 4412 sqq„
728 4351 754 4395 et
766 4344 860 4398 Jahrb.
878 4345 1010 4395 Heinrich
1020 4345 1043 4396 1.
1054 4361 1081 4411 p.
1092 4343 1137 4394 28.
1213 4343 1242 4409 3)
1262 4345 1280 4395 i.
1292 4359 1315 4394 e.
1326 4340 1420 4392 Slavos.

313 4413 342 4482 4)
364 4416 406 4468 Cf.
425 4416 570 4468 Flodoard.
594 4433 618 4468 a.
639 4418 701 4480 920,
721 4419 767 4484 qui
786 4417 849 4470 huic
868 4419 1013 4470 narrationi
1033 4418 1171 4469 materiam
1190 4416 1321 4484 praebuit.
