<?xml version="1.0" encoding="UTF-8"?>
<!DOCTYPE html PUBLIC "-//W3C//DTD XHTML 1.0 Transitional//EN"
    "http://www.w3.org/TR/xhtml1/DTD/xhtml1-transitional.dtd">
<html xmlns="http://www.w3.org/1999/xhtml" xml:lang="en" lang="en">
 <head>
  <title>
</title>
<meta http-equiv="Content-Type" content="text/html;charset=utf-8" />
  <meta name='ocr-system' content='tesseract 3.04.00' />
  <meta name='ocr-capabilities' content='ocr_page ocr_carea ocr_par ocr_line ocrx_word'/>
</head>
<body>
  <div class='ocr_page' id='page_1' title='image "./richerihistoria00richgoog_0066.png"; bbox 0 0 2938 5016; ppageno 0'>
   <div class='ocr_carea' id='block_1_1' title="bbox 293 382 1153 435">
    <p class='ocr_par' dir='ltr' id='par_1_1' title="bbox 293 382 1153 435">
     <span class='ocr_line' id='line_1_1' title="bbox 293 382 1153 435; baseline -0.001 -1"><span class='ocrx_word' id='word_1_1' title='bbox 293 382 445 434; x_wconf 81' lang='lat' dir='ltr'><strong>RICHERI</strong></span> <span class='ocrx_word' id='word_1_2' title='bbox 465 383 718 435; x_wconf 79' lang='lat' dir='ltr'><strong>HISTORIARUM</strong></span> <span class='ocrx_word' id='word_1_3' title='bbox 738 383 848 434; x_wconf 82' lang='lat' dir='ltr'><strong>LIBER</strong></span> <span class='ocrx_word' id='word_1_4' title='bbox 868 383 904 434; x_wconf 91' lang='lat'>11.</span> <span class='ocrx_word' id='word_1_5' title='bbox 1118 385 1153 433; x_wconf 80' lang='lat'>45</span> 
     </span>
    </p>
   </div>
   <div class='ocr_carea' id='block_1_2' title="bbox 48 547 1212 1311">
    <p class='ocr_par' dir='ltr' id='par_1_2' title="bbox 48 547 1212 1311">
     <span class='ocr_line' id='line_1_2' title="bbox 51 547 1212 650; baseline 0 -36"><span class='ocrx_word' id='word_1_6' title='bbox 51 551 143 631; x_wconf 76' lang='lat' dir='ltr'>Quam</span> <span class='ocrx_word' id='word_1_7' title='bbox 165 572 240 614; x_wconf 89' lang='lat' dir='ltr'>cum</span> <span class='ocrx_word' id='word_1_8' title='bbox 267 573 287 614; x_wconf 87' lang='lat' dir='ltr'>a</span> <span class='ocrx_word' id='word_1_9' title='bbox 309 547 525 648; x_wconf 87' lang='lat' dir='ltr'>superioribus</span> <span class='ocrx_word' id='word_1_10' title='bbox 551 548 658 615; x_wconf 90' lang='lat' dir='ltr'>hostes</span> <span class='ocrx_word' id='word_1_11' title='bbox 686 550 819 650; x_wconf 76' lang='lat' dir='ltr'>rupibus</span> <span class='ocrx_word' id='word_1_12' title='bbox 849 551 1029 636; x_wconf 80' lang='lat' dir='ltr'>opprimere</span> <span class='ocrx_word' id='word_1_13' title='bbox 1059 569 1212 616; x_wconf 81' lang='lat' dir='ltr'>cona-ees.</span> 
     </span>
     <span class='ocr_line' id='line_1_3' title="bbox 49 632 1153 722; baseline 0.002 -24"><span class='ocrx_word' id='word_1_14' title='bbox 49 645 152 718; x_wconf 88' lang='lat' dir='ltr'>rentur,</span> <span class='ocrx_word' id='word_1_15' title='bbox 176 659 196 699; x_wconf 89' lang='lat' dir='ltr'>a</span> <span class='ocrx_word' id='word_1_16' title='bbox 218 635 390 720; x_wconf 78' lang='lat' dir='ltr'>sagittarus</span> <span class='ocrx_word' id='word_1_17' title='bbox 417 632 558 722; x_wconf 91' lang='lat' dir='ltr'>undique</span> <span class='ocrx_word' id='word_1_18' title='bbox 586 633 748 720; x_wconf 74' lang='lat' dir='ltr'>dispositis</span> <span class='ocrx_word' id='word_1_19' title='bbox 777 633 1005 701; x_wconf 88' lang='lat' dir='ltr'>contumeliose</span> <span class='ocrx_word' id='word_1_20' title='bbox 1033 635 1153 722; x_wconf 87' lang='lat' dir='ltr'>repulsi</span> 
     </span>
     <span class='ocr_line' id='line_1_4' title="bbox 49 717 1151 805; baseline 0.004 -23"><span class='ocrx_word' id='word_1_21' title='bbox 49 728 118 783; x_wconf 89' lang='lat' dir='ltr'>sunt.</span> <span class='ocrx_word' id='word_1_22' title='bbox 159 717 214 782; x_wconf 87' lang='lat' dir='ltr'>Ad</span> <span class='ocrx_word' id='word_1_23' title='bbox 235 741 343 784; x_wconf 90' lang='lat' dir='ltr'>arcem</span> <span class='ocrx_word' id='word_1_24' title='bbox 364 719 472 805; x_wconf 86' lang='lat' dir='ltr'>itaque</span> <span class='ocrx_word' id='word_1_25' title='bbox 502 718 649 784; x_wconf 89' lang='lat' dir='ltr'>machina</span> <span class='ocrx_word' id='word_1_26' title='bbox 675 718 822 801; x_wconf 89' lang='lat' dir='ltr'>deducta,</span> <span class='ocrx_word' id='word_1_27' title='bbox 851 741 962 783; x_wconf 87' lang='lat' dir='ltr'>murus</span> <span class='ocrx_word' id='word_1_28' title='bbox 993 742 1034 784; x_wconf 88' lang='lat' dir='ltr'>ex</span> <span class='ocrx_word' id='word_1_29' title='bbox 1061 729 1151 805; x_wconf 85' lang='lat' dir='ltr'>parte</span> 
     </span>
     <span class='ocr_line' id='line_1_5' title="bbox 49 802 1151 902; baseline 0.002 -36"><span class='ocrx_word' id='word_1_30' title='bbox 49 805 188 868; x_wconf 85' lang='lat' dir='ltr'>suffossus</span> <span class='ocrx_word' id='word_1_31' title='bbox 211 811 306 902; x_wconf 82' lang='lat' dir='ltr'>atque</span> <span class='ocrx_word' id='word_1_32' title='bbox 328 824 455 868; x_wconf 85' lang='lat' dir='ltr'>eversus</span> <span class='ocrx_word' id='word_1_33' title='bbox 479 811 536 866; x_wconf 88' lang='lat' dir='ltr'>est.</span> <span class='ocrx_word' id='word_1_34' title='bbox 572 803 690 868; x_wconf 85' lang='lat' dir='ltr'>Hostes</span> <span class='ocrx_word' id='word_1_35' title='bbox 705 802 940 868; x_wconf 83' lang='lat' dir='ltr'><strong>multitudinem</strong></span> <span class='ocrx_word' id='word_1_36' title='bbox 956 813 1151 868; x_wconf 86' lang='lat' dir='ltr'>armatorum</span> 
     </span>
     <span class='ocr_line' id='line_1_6' title="bbox 48 885 1151 972; baseline 0.001 -20"><span class='ocrx_word' id='word_1_37' title='bbox 48 909 94 972; x_wconf 88' lang='lat' dir='ltr'>per</span> <span class='ocrx_word' id='word_1_38' title='bbox 119 888 205 952; x_wconf 90' lang='lat' dir='ltr'>hune</span> <span class='ocrx_word' id='word_1_39' title='bbox 231 887 353 952; x_wconf 88' lang='lat' dir='ltr'>hratum</span> <span class='ocrx_word' id='word_1_40' title='bbox 382 885 535 972; x_wconf 90' lang='lat' dir='ltr'>possibile</span> <span class='ocrx_word' id='word_1_41' title='bbox 561 888 721 952; x_wconf 78' lang='lat' dir='ltr'>introduci</span> <span class='ocrx_word' id='word_1_42' title='bbox 741 887 958 970; x_wconf 89' lang='lat' dir='ltr'>formidantes,</span> <span class='ocrx_word' id='word_1_43' title='bbox 988 911 1077 952; x_wconf 90' lang='lat' dir='ltr'>arma</span> <span class='ocrx_word' id='word_1_44' title='bbox 1098 887 1151 953; x_wconf 87' lang='lat' dir='ltr'>de-</span> 
     </span>
     <span class='ocr_line' id='line_1_7' title="bbox 49 969 1151 1059; baseline 0.001 -24"><span class='ocrx_word' id='word_1_45' title='bbox 49 981 157 1056; x_wconf 89' lang='lat' dir='ltr'>ponunt</span> <span class='ocrx_word' id='word_1_46' title='bbox 178 994 218 1036; x_wconf 90' lang='lat' dir='ltr'>ae</span> <span class='ocrx_word' id='word_1_47' title='bbox 240 973 361 1056; x_wconf 86' lang='lat' dir='ltr'>regiam</span> <span class='ocrx_word' id='word_1_48' title='bbox 384 971 591 1036; x_wconf 86' lang='lat' dir='ltr'>clemenciam</span> <span class='ocrx_word' id='word_1_49' title='bbox 610 971 791 1059; x_wconf 80' lang='lat' dir='ltr'>implorant.</span> <span class='ocrx_word' id='word_1_50' title='bbox 835 972 905 1035; x_wconf 87' lang='lat' dir='ltr'>Rex</span> <span class='ocrx_word' id='word_1_51' title='bbox 920 993 955 1036; x_wconf 90' lang='lat' dir='ltr'>er</span> <span class='ocrx_word' id='word_1_52' title='bbox 979 969 1151 1058; x_wconf 90' lang='lat' dir='ltr'>camplius</span> 
     </span>
     <span class='ocr_line' id='line_1_8' title="bbox 49 993 1152 1142; baseline 0 -22"><span class='ocrx_word' id='word_1_53' title='bbox 49 1056 221 1120; x_wconf 87' lang='lat' dir='ltr'>tumultuari</span> <span class='ocrx_word' id='word_1_54' title='bbox 255 1054 444 1140; x_wconf 89' lang='lat' dir='ltr'>prohibens,</span> <span class='ocrx_word' id='word_1_55' title='bbox 477 1056 614 1120; x_wconf 88' lang='lat' dir='ltr'>intactos</span> <span class='ocrx_word' id='word_1_56' title='bbox 640 1078 722 1142; x_wconf 90' lang='lat' dir='ltr'>pene</span> <span class='ocrx_word' id='word_1_57' title='bbox 753 993 1011 1140; x_wconf 73' lang='lat' dir='ltr'>comprehendit,</span> <span class='ocrx_word' id='word_1_58' title='bbox 1045 1063 1152 1139; x_wconf 91' lang='lat' dir='ltr'>preter</span> 
     </span>
     <span class='ocr_line' id='line_1_9' title="bbox 48 1137 1151 1226; baseline 0.002 -24"><span class='ocrx_word' id='word_1_59' title='bbox 48 1139 95 1203; x_wconf 87' lang='lat' dir='ltr'>hos</span> <span class='ocrx_word' id='word_1_60' title='bbox 115 1142 169 1226; x_wconf 92' lang='lat' dir='ltr'>qui</span> <span class='ocrx_word' id='word_1_61' title='bbox 191 1141 226 1203; x_wconf 89' lang='lat' dir='ltr'>in</span> <span class='ocrx_word' id='word_1_62' title='bbox 247 1139 376 1204; x_wconf 88' lang='lat' dir='ltr'>militari</span> <span class='ocrx_word' id='word_1_63' title='bbox 396 1137 535 1205; x_wconf 82' lang='lat' dir='ltr'>tumultu</span> <span class='ocrx_word' id='word_1_64' title='bbox 555 1141 690 1204; x_wconf 86' lang='lat' dir='ltr'>sauciati</span> <span class='ocrx_word' id='word_1_65' title='bbox 718 1140 816 1216; x_wconf 86' lang='lat' dir='ltr'>fuere,</span> <span class='ocrx_word' id='word_1_66' title='bbox 840 1161 976 1226; x_wconf 90' lang='lat' dir='ltr'>suosque</span> <span class='ocrx_word' id='word_1_67' title='bbox 999 1138 1041 1202; x_wconf 91' lang='lat' dir='ltr'>ad</span> <span class='ocrx_word' id='word_1_68' title='bbox 1062 1140 1151 1204; x_wconf 92' lang='lat' dir='ltr'>urbis</span> 
     </span>
     <span class='ocr_line' id='line_1_10' title="bbox 49 1223 496 1311; baseline 0 -25"><span class='ocrx_word' id='word_1_69' title='bbox 49 1223 165 1289; x_wconf 87' lang='lat' dir='ltr'>tutelam</span> <span class='ocrx_word' id='word_1_70' title='bbox 187 1225 222 1288; x_wconf 90' lang='lat' dir='ltr'>in</span> <span class='ocrx_word' id='word_1_71' title='bbox 244 1246 317 1289; x_wconf 90' lang='lat' dir='ltr'>arce</span> <span class='ocrx_word' id='word_1_72' title='bbox 339 1223 496 1311; x_wconf 82' lang='lat' dir='ltr'>deposuit.</span> 
     </span>
    </p>
   </div>
   <div class='ocr_carea' id='block_1_3' title="bbox 97 1343 1093 1433">
    <p class='ocr_par' dir='ltr' id='par_1_3' title="bbox 97 1343 1093 1433">
     <span class='ocr_line' id='line_1_11' title="bbox 97 1343 1093 1433; baseline 0 -27"><span class='ocrx_word' id='word_1_73' title='bbox 97 1347 140 1408; x_wconf 84' lang='lat'>11.</span> <span class='ocrx_word' id='word_1_74' title='bbox 171 1343 277 1408; x_wconf 91' lang='lat' dir='ltr'>Dolus</span> <span class='ocrx_word' id='word_1_75' title='bbox 298 1343 422 1407; x_wconf 79' lang='lat' dir='ltr'>Amulli</span> <span class='ocrx_word' id='word_1_76' title='bbox 445 1354 562 1430; x_wconf 75' lang='lat' dir='ltr'>atque⁸</span> <span class='ocrx_word' id='word_1_77' title='bbox 584 1344 696 1433; x_wconf 80' lang='lat' dir='ltr'>oppidi</span> <span class='ocrx_word' id='word_1_78' title='bbox 717 1343 953 1408; x_wconf 71' lang='lat' dir='ltr'>Monasterioli³</span> <span class='ocrx_word' id='word_1_79' title='bbox 976 1347 1093 1429; x_wconf 87' lang='lat' dir='ltr'>captio.</span> 
     </span>
    </p>
   </div>
   <div class='ocr_carea' id='block_1_4' title="bbox 49 1445 1268 4064">
    <p class='ocr_par' dir='ltr' id='par_1_4' title="bbox 49 1445 1268 3806">
     <span class='ocr_line' id='line_1_12' title="bbox 118 1445 1210 1532; baseline -0.001 -22"><span class='ocrx_word' id='word_1_80' title='bbox 118 1448 228 1512; x_wconf 87' lang='lat' dir='ltr'>Haec¹</span> <span class='ocrx_word' id='word_1_81' title='bbox 256 1447 333 1510; x_wconf 91' lang='lat' dir='ltr'>dum</span> <span class='ocrx_word' id='word_1_82' title='bbox 355 1457 550 1532; x_wconf 84' lang='lat' dir='ltr'>gererentur,</span> <span class='ocrx_word' id='word_1_83' title='bbox 580 1445 734 1509; x_wconf 76' lang='lat' dir='ltr'>Amulius</span> <span class='ocrx_word' id='word_1_84' title='bbox 763 1447 926 1532; x_wconf 86' lang='lat' dir='ltr'>predictus</span> <span class='ocrx_word' id='word_1_85' title='bbox 953 1447 1151 1511; x_wconf 86' lang='lat' dir='ltr'>Morinorum</span> <span class='ocrx_word' id='word_1_86' title='bbox 1161 1458 1210 1501; x_wconf 75' lang='lat'>9³⁹·</span> 
     </span>
     <span class='ocr_line' id='line_1_13' title="bbox 49 1529 1150 1618; baseline 0 -24"><span class='ocrx_word' id='word_1_87' title='bbox 49 1533 183 1618; x_wconf 87' lang='lat' dir='ltr'>prinecps</span> <span class='ocrx_word' id='word_1_88' title='bbox 204 1530 331 1594; x_wconf 86' lang='lat' dir='ltr'>Erluini</span> <span class='ocrx_word' id='word_1_89' title='bbox 354 1531 510 1618; x_wconf 92' lang='lat' dir='ltr'>oppidum</span> <span class='ocrx_word' id='word_1_90' title='bbox 532 1551 624 1594; x_wconf 89' lang='lat' dir='ltr'>secus</span> <span class='ocrx_word' id='word_1_91' title='bbox 654 1553 742 1594; x_wconf 90' lang='lat' dir='ltr'>mare</span> <span class='ocrx_word' id='word_1_92' title='bbox 772 1531 868 1594; x_wconf 92' lang='lat' dir='ltr'>situm</span> <span class='ocrx_word' id='word_1_93' title='bbox 889 1529 1150 1596; x_wconf 88' lang='lat' dir='ltr'>Monasteriolum</span> 
     </span>
     <span class='ocr_line' id='line_1_14' title="bbox 49 1614 1150 1714; baseline 0.004 -39"><span class='ocrx_word' id='word_1_94' title='bbox 49 1617 181 1680; x_wconf 85' lang='lat' dir='ltr'>nomine²</span> <span class='ocrx_word' id='word_1_95' title='bbox 215 1638 292 1679; x_wconf 89' lang='lat' dir='ltr'>suae</span> <span class='ocrx_word' id='word_1_96' title='bbox 319 1617 403 1700; x_wconf 91' lang='lat' dir='ltr'>parti</span> <span class='ocrx_word' id='word_1_97' title='bbox 431 1615 549 1680; x_wconf 91' lang='lat' dir='ltr'>addere</span> <span class='ocrx_word' id='word_1_98' title='bbox 579 1616 731 1700; x_wconf 90' lang='lat' dir='ltr'>cogitans,</span> <span class='ocrx_word' id='word_1_99' title='bbox 766 1636 803 1679; x_wconf 87' lang='lat' dir='ltr'>eo</span> <span class='ocrx_word' id='word_1_100' title='bbox 836 1614 922 1714; x_wconf 86' lang='lat' dir='ltr'>quod</span> <span class='ocrx_word' id='word_1_101' title='bbox 951 1637 993 1678; x_wconf 88' lang='lat' dir='ltr'>ex</span> <span class='ocrx_word' id='word_1_102' title='bbox 1020 1616 1150 1679; x_wconf 90' lang='lat' dir='ltr'>navium</span> 
     </span>
     <span class='ocr_line' id='line_1_15' title="bbox 49 1698 1150 1797; baseline 0 -35"><span class='ocrx_word' id='word_1_103' title='bbox 49 1699 312 1765; x_wconf 72' lang='lat' dir='ltr'>advectationibus</span> <span class='ocrx_word' id='word_1_104' title='bbox 333 1699 407 1764; x_wconf 91' lang='lat' dir='ltr'>inde</span> <span class='ocrx_word' id='word_1_105' title='bbox 429 1698 536 1784; x_wconf 87' lang='lat' dir='ltr'>plures</span> <span class='ocrx_word' id='word_1_106' title='bbox 565 1707 695 1797; x_wconf 78' lang='lat' dir='ltr'>questus</span> <span class='ocrx_word' id='word_1_107' title='bbox 723 1708 923 1786; x_wconf 73' lang='lat' dir='ltr'>proveniant,</span> <span class='ocrx_word' id='word_1_108' title='bbox 950 1699 1150 1786; x_wconf 89' lang='lat' dir='ltr'>adipiscendi</span> 
     </span>
     <span class='ocr_line' id='line_1_16' title="bbox 49 1782 1149 1884; baseline 0.004 -40"><span class='ocrx_word' id='word_1_109' title='bbox 49 1782 167 1848; x_wconf 88' lang='lat' dir='ltr'>insidias</span> <span class='ocrx_word' id='word_1_110' title='bbox 188 1785 412 1884; x_wconf 85' lang='lat' dir='ltr'>componebat.</span> <span class='ocrx_word' id='word_1_111' title='bbox 444 1783 565 1868; x_wconf 85' lang='lat' dir='ltr'>Dirigit</span> <span class='ocrx_word' id='word_1_112' title='bbox 578 1792 623 1847; x_wconf 90' lang='lat' dir='ltr'>1ta</span> <span class='ocrx_word' id='word_1_113' title='bbox 646 1807 686 1848; x_wconf 94' lang='lat' dir='ltr'>ue</span> <span class='ocrx_word' id='word_1_114' title='bbox 702 1783 859 1869; x_wconf 90' lang='lat' dir='ltr'>quosdam</span> <span class='ocrx_word' id='word_1_115' title='bbox 874 1805 1003 1847; x_wconf 88' lang='lat' dir='ltr'>suorum</span> <span class='ocrx_word' id='word_1_116' title='bbox 1019 1782 1149 1848; x_wconf 90' lang='lat' dir='ltr'>callidos</span> 
     </span>
     <span class='ocr_line' id='line_1_17' title="bbox 52 1866 1149 1954; baseline 0.005 -27"><span class='ocrx_word' id='word_1_117' title='bbox 52 1866 81 1928; x_wconf 90' lang='lat' dir='ltr'>in</span> <span class='ocrx_word' id='word_1_118' title='bbox 106 1879 186 1933; x_wconf 87' lang='lat' dir='ltr'>veste</span> <span class='ocrx_word' id='word_1_119' title='bbox 215 1867 350 1950; x_wconf 87' lang='lat' dir='ltr'>abrecta,</span> <span class='ocrx_word' id='word_1_120' title='bbox 378 1866 468 1932; x_wconf 90' lang='lat' dir='ltr'>dolos</span> <span class='ocrx_word' id='word_1_121' title='bbox 498 1868 608 1932; x_wconf 90' lang='lat' dir='ltr'>dissim</span> <span class='ocrx_word' id='word_1_122' title='bbox 645 1889 711 1950; x_wconf 87' lang='lat' dir='ltr'>ans,</span> <span class='ocrx_word' id='word_1_123' title='bbox 746 1867 787 1931; x_wconf 87' lang='lat' dir='ltr'>ad</span> <span class='ocrx_word' id='word_1_124' title='bbox 818 1867 977 1954; x_wconf 89' lang='lat' dir='ltr'>quendam</span> <span class='ocrx_word' id='word_1_125' title='bbox 1006 1867 1149 1933; x_wconf 89' lang='lat' dir='ltr'>eiusdem</span> 
     </span>
     <span class='ocr_line' id='line_1_18' title="bbox 49 1951 1150 2038; baseline 0.005 -26"><span class='ocrx_word' id='word_1_126' title='bbox 49 1953 148 2036; x_wconf 88' lang='lat' dir='ltr'>oppidi</span> <span class='ocrx_word' id='word_1_127' title='bbox 169 1951 344 2034; x_wconf 81' lang='lat' dir='ltr'>custodem,</span> <span class='ocrx_word' id='word_1_128' title='bbox 373 1975 468 2038; x_wconf 90' lang='lat' dir='ltr'>quem</span> <span class='ocrx_word' id='word_1_129' title='bbox 497 1953 594 2017; x_wconf 89' lang='lat' dir='ltr'>etiam</span> <span class='ocrx_word' id='word_1_130' title='bbox 620 1953 653 2015; x_wconf 93' lang='lat' dir='ltr'>in</span> <span class='ocrx_word' id='word_1_131' title='bbox 681 1951 860 2038; x_wconf 87' lang='lat' dir='ltr'>proditione</span> <span class='ocrx_word' id='word_1_132' title='bbox 888 1973 953 2016; x_wconf 89' lang='lat' dir='ltr'>non</span> <span class='ocrx_word' id='word_1_133' title='bbox 983 1951 1150 2018; x_wconf 88' lang='lat' dir='ltr'>diffidebat</span> 
     </span>
     <span class='ocr_line' id='line_1_19' title="bbox 49 2033 1150 2123; baseline 0.002 -27"><span class='ocrx_word' id='word_1_134' title='bbox 49 2033 228 2100; x_wconf 87' lang='lat' dir='ltr'>facillimum.</span> <span class='ocrx_word' id='word_1_135' title='bbox 264 2035 327 2116; x_wconf 80' lang='lat' dir='ltr'>Qui</span> <span class='ocrx_word' id='word_1_136' title='bbox 342 2037 487 2122; x_wconf 88' lang='lat' dir='ltr'>ingressi,</span> <span class='ocrx_word' id='word_1_137' title='bbox 503 2038 597 2100; x_wconf 84' lang='lat' dir='ltr'>eumb</span> <span class='ocrx_word' id='word_1_138' title='bbox 613 2059 632 2100; x_wconf 88' lang='lat' dir='ltr'>a</span> <span class='ocrx_word' id='word_1_139' title='bbox 648 2036 777 2100; x_wconf 89' lang='lat' dir='ltr'>domino</span> <span class='ocrx_word' id='word_1_140' title='bbox 794 2035 932 2100; x_wconf 87' lang='lat' dir='ltr'>salutant</span> <span class='ocrx_word' id='word_1_141' title='bbox 945 2059 983 2100; x_wconf 88' lang='lat' dir='ltr'>ac</span> <span class='ocrx_word' id='word_1_142' title='bbox 997 2035 1150 2123; x_wconf 90' lang='lat' dir='ltr'>loquendi</span> 
     </span>
     <span class='ocr_line' id='line_1_20' title="bbox 51 2119 1149 2208; baseline 0.003 -27"><span class='ocrx_word' id='word_1_143' title='bbox 51 2122 282 2204; x_wconf 72' lang='lat' dir='ltr'>oportunitatem</span> <span class='ocrx_word' id='word_1_144' title='bbox 303 2131 425 2206; x_wconf 88' lang='lat' dir='ltr'>petunt.</span> <span class='ocrx_word' id='word_1_145' title='bbox 460 2120 622 2185; x_wconf 90' lang='lat' dir='ltr'>Secedunt</span> <span class='ocrx_word' id='word_1_146' title='bbox 644 2143 730 2208; x_wconf 88' lang='lat' dir='ltr'>ergo.</span> <span class='ocrx_word' id='word_1_147' title='bbox 763 2119 814 2184; x_wconf 92' lang='lat' dir='ltr'>Illi</span> <span class='ocrx_word' id='word_1_148' title='bbox 829 2129 953 2184; x_wconf 89' lang='lat' dir='ltr'>tantum</span> <span class='ocrx_word' id='word_1_149' title='bbox 968 2143 1037 2186; x_wconf 89' lang='lat' dir='ltr'>esse</span> <span class='ocrx_word' id='word_1_150' title='bbox 1052 2144 1093 2185; x_wconf 92' lang='lat' dir='ltr'>ne</span> <span class='ocrx_word' id='word_1_151' title='bbox 1117 2143 1149 2184; x_wconf 94' lang='lat' dir='ltr'>o-</span> 
     </span>
     <span class='ocr_line' id='line_1_21' title="bbox 50 2204 1150 2292; baseline 0.002 -26"><span class='ocrx_word' id='word_1_152' title='bbox 50 2204 117 2268; x_wconf 90' lang='lat' dir='ltr'>tium</span> <span class='ocrx_word' id='word_1_153' title='bbox 137 2214 268 2292; x_wconf 90' lang='lat' dir='ltr'>propter</span> <span class='ocrx_word' id='word_1_154' title='bbox 291 2205 378 2290; x_wconf 90' lang='lat' dir='ltr'>quod</span> <span class='ocrx_word' id='word_1_155' title='bbox 399 2213 551 2270; x_wconf 88' lang='lat' dir='ltr'>venerant</span> <span class='ocrx_word' id='word_1_156' title='bbox 574 2204 767 2287; x_wconf 83' lang='lat' dir='ltr'>simulantes,</span> <span class='ocrx_word' id='word_1_157' title='bbox 798 2214 843 2286; x_wconf 91' lang='lat' dir='ltr'>ut,</span> <span class='ocrx_word' id='word_1_158' title='bbox 870 2225 889 2267; x_wconf 92' lang='lat' dir='ltr'>a</span> <span class='ocrx_word' id='word_1_159' title='bbox 918 2226 981 2290; x_wconf 93' lang='lat' dir='ltr'>quo</span> <span class='ocrx_word' id='word_1_160' title='bbox 1009 2226 1088 2269; x_wconf 86' lang='lat' dir='ltr'>exor</span> <span class='ocrx_word' id='word_1_161' title='bbox 1113 2205 1150 2268; x_wconf 89' lang='lat' dir='ltr'>&#39;ri</span> 
     </span>
     <span class='ocr_line' id='line_1_22' title="bbox 50 2287 1149 2375; baseline 0 -24"><span class='ocrx_word' id='word_1_162' title='bbox 50 2299 176 2372; x_wconf 85' lang='lat' dir='ltr'>possent,</span> <span class='ocrx_word' id='word_1_163' title='bbox 213 2290 340 2375; x_wconf 88' lang='lat' dir='ltr'>penitus</span> <span class='ocrx_word' id='word_1_164' title='bbox 375 2291 573 2375; x_wconf 84' lang='lat' dir='ltr'>ignorarent,</span> <span class='ocrx_word' id='word_1_165' title='bbox 615 2288 845 2374; x_wconf 83' lang='lat' dir='ltr'>aliquantisper</span> <span class='ocrx_word' id='word_1_166' title='bbox 880 2287 1043 2352; x_wconf 90' lang='lat' dir='ltr'>herebant.</span> <span class='ocrx_word' id='word_1_167' title='bbox 1105 2287 1149 2351; x_wconf 74' lang='lat' dir='ltr'>Et</span> 
     </span>
     <span class='ocr_line' id='line_1_23' title="bbox 50 2370 1149 2460; baseline 0.001 -27"><span class='ocrx_word' id='word_1_168' title='bbox 50 2372 165 2438; x_wconf 89' lang='lat' dir='ltr'>tandem</span> <span class='ocrx_word' id='word_1_169' title='bbox 186 2374 397 2459; x_wconf 86' lang='lat' dir='ltr'>suspirantes:</span> <span class='ocrx_word' id='word_1_170' title='bbox 420 2374 491 2443; x_wconf 77' lang='lat' dir='ltr'>‘Eia</span> <span class='ocrx_word' id='word_1_171' title='bbox 512 2376 562 2456; x_wconf 84' lang='lat' dir='ltr'>te&#39;,</span> <span class='ocrx_word' id='word_1_172' title='bbox 584 2375 742 2460; x_wconf 89' lang='lat' dir='ltr'>inquiunt,</span> <span class='ocrx_word' id='word_1_173' title='bbox 764 2370 941 2437; x_wconf 86' lang='lat' dir='ltr'>‘Rotbertel</span> <span class='ocrx_word' id='word_1_174' title='bbox 964 2373 1015 2436; x_wconf 89' lang='lat' dir='ltr'>eia</span> <span class='ocrx_word' id='word_1_175' title='bbox 1028 2381 1060 2436; x_wconf 88' lang='lat' dir='ltr'>te</span> <span class='ocrx_word' id='word_1_176' title='bbox 1075 2371 1149 2434; x_wconf 87' lang='lat' dir='ltr'>Rot-</span> 
     </span>
     <span class='ocr_line' id='line_1_24' title="bbox 50 2452 1149 2542; baseline 0.003 -26"><span class='ocrx_word' id='word_1_177' title='bbox 50 2452 145 2522; x_wconf 86' lang='lat' dir='ltr'>berte&#39;!</span> <span class='ocrx_word' id='word_1_178' title='bbox 180 2495 217 2504; x_wconf 92' lang='lat'>-—</span> <span class='ocrx_word' id='word_1_179' title='bbox 253 2459 298 2521; x_wconf 87' lang='lat' dir='ltr'>sic</span> <span class='ocrx_word' id='word_1_180' title='bbox 327 2458 411 2524; x_wconf 90' lang='lat' dir='ltr'>enim</span> <span class='ocrx_word' id='word_1_181' title='bbox 440 2458 615 2522; x_wconf 89' lang='lat' dir='ltr'>vocabatur</span> <span class='ocrx_word' id='word_1_182' title='bbox 649 2495 687 2504; x_wconf 86' lang='lat'>—-</span> <span class='ocrx_word' id='word_1_183' title='bbox 721 2458 856 2542; x_wconf 86' lang='lat' dir='ltr'>‘quantis</span> <span class='ocrx_word' id='word_1_184' title='bbox 888 2455 979 2520; x_wconf 89' lang='lat' dir='ltr'>malis</span> <span class='ocrx_word' id='word_1_185' title='bbox 1013 2455 1149 2541; x_wconf 88' lang='lat' dir='ltr'>elapsus,</span> 
     </span>
     <span class='ocr_line' id='line_1_25' title="bbox 51 2539 1150 2628; baseline 0.001 -26"><span class='ocrx_word' id='word_1_186' title='bbox 51 2545 160 2623; x_wconf 87' lang='lat' dir='ltr'>quantis</span> <span class='ocrx_word' id='word_1_187' title='bbox 175 2540 326 2628; x_wconf 88' lang='lat' dir='ltr'>periculis</span> <span class='ocrx_word' id='word_1_188' title='bbox 342 2552 510 2628; x_wconf 87' lang='lat' dir='ltr'>exemptus</span> <span class='ocrx_word' id='word_1_189' title='bbox 526 2564 569 2624; x_wconf 88' lang='lat' dir='ltr'>es,</span> <span class='ocrx_word' id='word_1_190' title='bbox 593 2551 624 2606; x_wconf 91' lang='lat' dir='ltr'>et</span> <span class='ocrx_word' id='word_1_191' title='bbox 662 2545 749 2606; x_wconf 90' lang='lat' dir='ltr'>uanti</span> <span class='ocrx_word' id='word_1_192' title='bbox 764 2542 915 2627; x_wconf 83' lang='lat' dir='ltr'>insuperb</span> <span class='ocrx_word' id='word_1_193' title='bbox 938 2539 1150 2605; x_wconf 87' lang='lat' dir='ltr'>secundarum</span> 
     </span>
     <span class='ocr_line' id='line_1_26' title="bbox 51 2565 1149 2712; baseline 0.003 -27"><span class='ocrx_word' id='word_1_194' title='bbox 51 2645 142 2688; x_wconf 89' lang='lat' dir='ltr'>rerum</span> <span class='ocrx_word' id='word_1_195' title='bbox 163 2625 223 2694; x_wconf 89' lang='lat' dir='ltr'>tibi</span> <span class='ocrx_word' id='word_1_196' title='bbox 246 2625 402 2691; x_wconf 88' lang='lat' dir='ltr'>debentur</span> <span class='ocrx_word' id='word_1_197' title='bbox 423 2627 614 2690; x_wconf 88' lang='lat' dir='ltr'>successus’!</span> <span class='ocrx_word' id='word_1_198' title='bbox 639 2565 698 2690; x_wconf 71' lang='lat' dir='ltr'>th</span> <span class='ocrx_word' id='word_1_199' title='bbox 720 2627 825 2690; x_wconf 90' lang='lat' dir='ltr'>statim</span> <span class='ocrx_word' id='word_1_200' title='bbox 847 2623 1047 2712; x_wconf 87' lang='lat' dir='ltr'>protulerunt</span> <span class='ocrx_word' id='word_1_201' title='bbox 1069 2623 1149 2689; x_wconf 90' lang='lat' dir='ltr'>duos</span> 
     </span>
     <span class='ocr_line' id='line_1_27' title="bbox 51 2708 1149 2792; baseline 0.004 -24"><span class='ocrx_word' id='word_1_202' title='bbox 51 2708 156 2791; x_wconf 89' lang='lat' dir='ltr'>anulos,</span> <span class='ocrx_word' id='word_1_203' title='bbox 186 2708 266 2774; x_wconf 88' lang='lat' dir='ltr'>alter</span> <span class='ocrx_word' id='word_1_204' title='bbox 294 2730 441 2792; x_wconf 89' lang='lat' dir='ltr'>aureum,</span> <span class='ocrx_word' id='word_1_205' title='bbox 471 2709 551 2774; x_wconf 87' lang='lat' dir='ltr'>alter</span> <span class='ocrx_word' id='word_1_206' title='bbox 586 2733 664 2775; x_wconf 89' lang='lat' dir='ltr'>vero</span> <span class='ocrx_word' id='word_1_207' title='bbox 692 2709 839 2775; x_wconf 88' lang='lat' dir='ltr'>ferreum.</span> <span class='ocrx_word' id='word_1_208' title='bbox 901 2709 952 2774; x_wconf 84' lang='lat' dir='ltr'>‘Et</span> <span class='ocrx_word' id='word_1_209' title='bbox 982 2709 1074 2789; x_wconf 90' lang='lat' dir='ltr'>vide&#39;,</span> <span class='ocrx_word' id='word_1_210' title='bbox 1104 2710 1149 2772; x_wconf 91' lang='lat' dir='ltr'>in-</span> 
     </span>
     <span class='ocr_line' id='line_1_28' title="bbox 52 2792 1150 2880; baseline 0.003 -26"><span class='ocrx_word' id='word_1_211' title='bbox 52 2793 158 2876; x_wconf 88' lang='lat' dir='ltr'>quiunt,</span> <span class='ocrx_word' id='word_1_212' title='bbox 181 2793 270 2880; x_wconf 80' lang='lat' dir='ltr'>‘quid</span> <span class='ocrx_word' id='word_1_213' title='bbox 291 2793 325 2856; x_wconf 91' lang='lat' dir='ltr'>in</span> <span class='ocrx_word' id='word_1_214' title='bbox 346 2792 395 2857; x_wconf 92' lang='lat' dir='ltr'>his</span> <span class='ocrx_word' id='word_1_215' title='bbox 416 2793 572 2880; x_wconf 92' lang='lat' dir='ltr'>perpendi</span> <span class='ocrx_word' id='word_1_216' title='bbox 592 2793 716 2859; x_wconf 89' lang='lat' dir='ltr'>valeat’.</span> <span class='ocrx_word' id='word_1_217' title='bbox 761 2795 833 2874; x_wconf 76' lang='lat' dir='ltr'>Quo</span> <span class='ocrx_word' id='word_1_218' title='bbox 857 2793 935 2880; x_wconf 91' lang='lat' dir='ltr'>quid</span> <span class='ocrx_word' id='word_1_219' title='bbox 957 2805 1041 2858; x_wconf 85' lang='lat' dir='ltr'>esset</span> <span class='ocrx_word' id='word_1_220' title='bbox 1060 2795 1150 2879; x_wconf 87' lang='lat' dir='ltr'>igno-</span> 
     </span>
     <span class='ocr_line' id='line_1_29' title="bbox 51 2877 1150 2964; baseline 0.004 -28"><span class='ocrx_word' id='word_1_221' title='bbox 51 2888 137 2960; x_wconf 86' lang='lat' dir='ltr'>rante,</span> <span class='ocrx_word' id='word_1_222' title='bbox 157 2877 202 2942; x_wconf 93' lang='lat' dir='ltr'>illi</span> <span class='ocrx_word' id='word_1_223' title='bbox 223 2889 446 2964; x_wconf 89' lang='lat' dir='ltr'>prosecuntur:</span> <span class='ocrx_word' id='word_1_224' title='bbox 480 2879 529 2942; x_wconf 89' lang='lat' dir='ltr'>‘In</span> <span class='ocrx_word' id='word_1_225' title='bbox 543 2901 621 2943; x_wconf 87' lang='lat' dir='ltr'>auro</span> <span class='ocrx_word' id='word_1_226' title='bbox 637 2879 721 2942; x_wconf 88' lang='lat' dir='ltr'>dona</span> <span class='ocrx_word' id='word_1_227' title='bbox 742 2878 900 2964; x_wconf 60' lang='lat' dir='ltr'>egregiam,</span> <span class='ocrx_word' id='word_1_228' title='bbox 923 2879 956 2941; x_wconf 91' lang='lat' dir='ltr'>in</span> <span class='ocrx_word' id='word_1_229' title='bbox 977 2877 1060 2942; x_wconf 88' lang='lat' dir='ltr'>ferro</span> <span class='ocrx_word' id='word_1_230' title='bbox 1082 2878 1150 2942; x_wconf 92' lang='lat' dir='ltr'>vin-</span> 
     </span>
     <span class='ocr_line' id='line_1_30' title="bbox 53 2959 1150 3048; baseline 0.004 -27"><span class='ocrx_word' id='word_1_231' title='bbox 53 2959 111 3023; x_wconf 87' lang='lat' dir='ltr'>cula</span> <span class='ocrx_word' id='word_1_232' title='bbox 131 2963 264 3027; x_wconf 87' lang='lat' dir='ltr'>carceris</span> <span class='ocrx_word' id='word_1_233' title='bbox 311 2973 374 3026; x_wconf 93' lang='lat' dir='ltr'>uta.</span> <span class='ocrx_word' id='word_1_234' title='bbox 418 2961 520 3027; x_wconf 89' lang='lat' dir='ltr'>Instat</span> <span class='ocrx_word' id='word_1_235' title='bbox 542 2964 659 3028; x_wconf 90' lang='lat' dir='ltr'>etenim</span> <span class='ocrx_word' id='word_1_236' title='bbox 687 2973 822 3048; x_wconf 89' lang='lat' dir='ltr'>tempus,</span> <span class='ocrx_word' id='word_1_237' title='bbox 873 2985 914 3026; x_wconf 92' lang='lat' dir='ltr'>uo</span> <span class='ocrx_word' id='word_1_238' title='bbox 941 2970 973 3026; x_wconf 90' lang='lat' dir='ltr'>et</span> <span class='ocrx_word' id='word_1_239' title='bbox 995 2961 1150 3048; x_wconf 90' lang='lat' dir='ltr'>oppidum</span> 
     </span>
     <span class='ocr_line' id='line_1_31' title="bbox 52 2985 1268 3136; baseline 0.004 -31"><span class='ocrx_word' id='word_1_240' title='bbox 52 3040 152 3109; x_wconf 88' lang='lat' dir='ltr'>hocin</span> <span class='ocrx_word' id='word_1_241' title='bbox 173 3049 223 3111; x_wconf 91' lang='lat' dir='ltr'>ius</span> <span class='ocrx_word' id='word_1_242' title='bbox 246 2985 434 3136; x_wconf 69' lang='lat' dir='ltr'>“[altedus⁶]</span> <span class='ocrx_word' id='word_1_243' title='bbox 459 3046 637 3112; x_wconf 86' lang='lat' dir='ltr'>&#39;concedat</span> <span class='ocrx_word' id='word_1_244' title='bbox 682 3047 833 3112; x_wconf 87' lang='lat' dir='ltr'>Tacenda</span> <span class='ocrx_word' id='word_1_245' title='bbox 851 2985 933 3112; x_wconf 74' lang='lat' dir='ltr'>laec</span> <span class='ocrx_word' id='word_1_246' title='bbox 959 3055 1033 3111; x_wconf 87' lang='lat' dir='ltr'>tuae</span> <span class='ocrx_word' id='word_1_247' title='bbox 1055 3045 1199 3123; x_wconf 75' lang='lat' dir='ltr'>fidei01r·</span> <span class='ocrx_word' id='word_1_248' title='bbox 1217 3047 1268 3091; x_wconf 77' lang='lat'><strong>⁶⁹⁰·</strong></span> 
     </span>
     <span class='ocr_line' id='line_1_32' title="bbox 53 3109 1266 3222; baseline 0.003 -32"><span class='ocrx_word' id='word_1_249' title='bbox 53 3133 274 3222; x_wconf 73' lang='lat' dir='ltr'>committimus.</span> <span class='ocrx_word' id='word_1_250' title='bbox 317 3131 381 3194; x_wconf 88' lang='lat' dir='ltr'>Res</span> <span class='ocrx_word' id='word_1_251' title='bbox 403 3128 496 3194; x_wconf 82' lang='lat' dir='ltr'>vobis</span> <span class='ocrx_word' id='word_1_252' title='bbox 517 3132 635 3196; x_wconf 84' lang='lat' dir='ltr'>nesciis</span> <span class='ocrx_word' id='word_1_253' title='bbox 657 3131 813 3217; x_wconf 87' lang='lat' dir='ltr'>disposita</span> <span class='ocrx_word' id='word_1_254' title='bbox 835 3141 892 3197; x_wconf 86' lang='lat' dir='ltr'>est.</span> <span class='ocrx_word' id='word_1_255' title='bbox 935 3129 1001 3195; x_wconf 92' lang='lat' dir='ltr'>Nos</span> <span class='ocrx_word' id='word_1_256' title='bbox 1024 3152 1150 3217; x_wconf 89' lang='lat' dir='ltr'>quoque</span> <span class='ocrx_word' id='word_1_257' title='bbox 1174 3109 1213 3150; x_wconf 61' lang='lat'>‘⁰¹&#39;</span> <span class='ocrx_word' id='word_1_258' title='bbox 1232 3110 1266 3151; x_wconf 58' lang='grc' dir='ltr'>Π·</span> 
     </span>
     <span class='ocr_line' id='line_1_33' title="bbox 53 3210 1150 3302; baseline 0.005 -29"><span class='ocrx_word' id='word_1_259' title='bbox 53 3210 80 3273; x_wconf 86' lang='lat' dir='ltr'>1d</span> <span class='ocrx_word' id='word_1_260' title='bbox 98 3215 197 3299; x_wconf 90' lang='lat' dir='ltr'>ipsum</span> <span class='ocrx_word' id='word_1_261' title='bbox 229 3217 356 3302; x_wconf 91' lang='lat' dir='ltr'>penitus</span> <span class='ocrx_word' id='word_1_262' title='bbox 385 3215 580 3300; x_wconf 85' lang='lat' dir='ltr'>ignoramus.</span> <span class='ocrx_word' id='word_1_263' title='bbox 630 3215 674 3280; x_wconf 89' lang='lat' dir='ltr'>At</span> <span class='ocrx_word' id='word_1_264' title='bbox 705 3217 751 3280; x_wconf 92' lang='lat' dir='ltr'>rei</span> <span class='ocrx_word' id='word_1_265' title='bbox 784 3237 941 3280; x_wconf 89' lang='lat' dir='ltr'>summam</span> <span class='ocrx_word' id='word_1_266' title='bbox 974 3215 1054 3278; x_wconf 92' lang='lat' dir='ltr'>scire</span> <span class='ocrx_word' id='word_1_267' title='bbox 1086 3235 1150 3278; x_wconf 91' lang='lat' dir='ltr'>non</span> 
     </span>
     <span class='ocr_line' id='line_1_34' title="bbox 54 3297 1150 3386; baseline 0.001 -27"><span class='ocrx_word' id='word_1_268' title='bbox 54 3315 200 3382; x_wconf 88' lang='lat' dir='ltr'>negamus.</span> <span class='ocrx_word' id='word_1_269' title='bbox 255 3299 393 3364; x_wconf 89' lang='lat' dir='ltr'>Mortem</span> <span class='ocrx_word' id='word_1_270' title='bbox 424 3298 584 3386; x_wconf 91' lang='lat' dir='ltr'>loquimur</span> <span class='ocrx_word' id='word_1_271' title='bbox 618 3309 674 3364; x_wconf 87' lang='lat' dir='ltr'>aut</span> <span class='ocrx_word' id='word_1_272' title='bbox 705 3299 847 3365; x_wconf 89' lang='lat' dir='ltr'>exilium.</span> <span class='ocrx_word' id='word_1_273' title='bbox 901 3297 996 3363; x_wconf 88' lang='lat' dir='ltr'>Unde</span> <span class='ocrx_word' id='word_1_274' title='bbox 1029 3307 1061 3361; x_wconf 90' lang='lat' dir='ltr'>et</span> <span class='ocrx_word' id='word_1_275' title='bbox 1091 3297 1150 3362; x_wconf 92' lang='lat' dir='ltr'>tibi</span> 
     </span>
     <span class='ocr_line' id='line_1_35' title="bbox 54 3375 1151 3466; baseline 0.002 -24"><span class='ocrx_word' id='word_1_276' title='bbox 54 3375 189 3448; x_wconf 81' lang='lat' dir='ltr'>Arnulfus</span> <span class='ocrx_word' id='word_1_277' title='bbox 219 3404 326 3448; x_wconf 87' lang='lat' dir='ltr'>comes</span> <span class='ocrx_word' id='word_1_278' title='bbox 356 3381 532 3466; x_wconf 86' lang='lat' dir='ltr'>consulens,</span> <span class='ocrx_word' id='word_1_279' title='bbox 564 3381 689 3448; x_wconf 88' lang='lat' dir='ltr'>futurae</span> <span class='ocrx_word' id='word_1_280' title='bbox 720 3382 818 3448; x_wconf 89' lang='lat' dir='ltr'>cladis</span> <span class='ocrx_word' id='word_1_281' title='bbox 848 3381 1060 3446; x_wconf 87' lang='lat' dir='ltr'>calamitatem</span> <span class='ocrx_word' id='word_1_282' title='bbox 1092 3402 1151 3466; x_wconf 91' lang='lat' dir='ltr'>per</span> 
     </span>
     <span class='ocr_line' id='line_1_36' title="bbox 54 3461 1150 3554; baseline 0.002 -28"><span class='ocrx_word' id='word_1_283' title='bbox 54 3481 100 3526; x_wconf 86' lang='lat' dir='ltr'>sua</span> <span class='ocrx_word' id='word_1_284' title='bbox 124 3467 239 3533; x_wconf 86' lang='lat' dir='ltr'>indicia</span> <span class='ocrx_word' id='word_1_285' title='bbox 266 3467 473 3554; x_wconf 74' lang='lat' dir='ltr'>significavit,</span> <span class='ocrx_word' id='word_1_286' title='bbox 501 3466 640 3550; x_wconf 87' lang='lat' dir='ltr'>hortans,</span> <span class='ocrx_word' id='word_1_287' title='bbox 668 3477 703 3532; x_wconf 94' lang='lat' dir='ltr'>ut</span> <span class='ocrx_word' id='word_1_288' title='bbox 729 3466 770 3530; x_wconf 90' lang='lat' dir='ltr'>ad</span> <span class='ocrx_word' id='word_1_289' title='bbox 799 3487 867 3531; x_wconf 88' lang='lat' dir='ltr'>sese</span> <span class='ocrx_word' id='word_1_290' title='bbox 893 3475 1034 3530; x_wconf 88' lang='lat' dir='ltr'>transeas</span> <span class='ocrx_word' id='word_1_291' title='bbox 1057 3472 1088 3528; x_wconf 93' lang='lat' dir='ltr'>et</span> <span class='ocrx_word' id='word_1_292' title='bbox 1109 3461 1150 3528; x_wconf 89' lang='lat' dir='ltr'>ab</span> 
     </span>
     <span class='ocr_line' id='line_1_37' title="bbox 53 3547 1151 3638; baseline 0.003 -30"><span class='ocrx_word' id='word_1_293' title='bbox 53 3567 84 3608; x_wconf 88' lang='lat' dir='ltr'>eo</span> <span class='ocrx_word' id='word_1_294' title='bbox 104 3553 166 3615; x_wconf 89' lang='lat' dir='ltr'>auri</span> <span class='ocrx_word' id='word_1_295' title='bbox 188 3562 220 3616; x_wconf 90' lang='lat' dir='ltr'>et</span> <span class='ocrx_word' id='word_1_296' title='bbox 241 3552 366 3637; x_wconf 89' lang='lat' dir='ltr'>argenti</span> <span class='ocrx_word' id='word_1_297' title='bbox 388 3552 527 3638; x_wconf 89' lang='lat' dir='ltr'>insignia</span> <span class='ocrx_word' id='word_1_298' title='bbox 553 3561 774 3638; x_wconf 89' lang='lat' dir='ltr'>terrarumque</span> <span class='ocrx_word' id='word_1_299' title='bbox 802 3572 839 3614; x_wconf 87' lang='lat' dir='ltr'>co</span> <span class='ocrx_word' id='word_1_300' title='bbox 863 3551 926 3613; x_wconf 89' lang='lat' dir='ltr'>iam</span> <span class='ocrx_word' id='word_1_301' title='bbox 952 3571 990 3613; x_wconf 89' lang='lat' dir='ltr'>ac</span> <span class='ocrx_word' id='word_1_302' title='bbox 1015 3547 1151 3613; x_wconf 89' lang='lat' dir='ltr'>militum</span> 
     </span>
     <span class='ocr_line' id='line_1_38' title="bbox 54 3573 1152 3722; baseline 0.005 -30"><span class='ocrx_word' id='word_1_303' title='bbox 54 3630 272 3700; x_wconf 89' lang='lat' dir='ltr'>multitudinem</span> <span class='ocrx_word' id='word_1_304' title='bbox 301 3637 441 3722; x_wconf 88' lang='lat' dir='ltr'>accipias</span> <span class='ocrx_word' id='word_1_305' title='bbox 474 3656 547 3699; x_wconf 90' lang='lat' dir='ltr'>cum</span> <span class='ocrx_word' id='word_1_306' title='bbox 584 3635 668 3700; x_wconf 94' lang='lat' dir='ltr'>dono</span> <span class='ocrx_word' id='word_1_307' title='bbox 701 3636 796 3720; x_wconf 86' lang='lat' dir='ltr'>regis.</span> <span class='ocrx_word' id='word_1_308' title='bbox 839 3573 891 3699; x_wconf 78' lang='lat' dir='ltr'>pln</span> <span class='ocrx_word' id='word_1_309' title='bbox 916 3656 1029 3698; x_wconf 89' lang='lat' dir='ltr'>manus</span> <span class='ocrx_word' id='word_1_310' title='bbox 1058 3631 1152 3701; x_wconf 89' lang='lat' dir='ltr'>Nort-</span> 
     </span>
     <span class='ocr_line' id='line_1_39' title="bbox 54 3717 1152 3806; baseline 0.004 -28"><span class='ocrx_word' id='word_1_311' title='bbox 54 3734 237 3802; x_wconf 85' lang='lat' dir='ltr'>mannorum,</span> <span class='ocrx_word' id='word_1_312' title='bbox 260 3742 324 3806; x_wconf 87' lang='lat' dir='ltr'>qua</span> <span class='ocrx_word' id='word_1_313' title='bbox 350 3729 417 3784; x_wconf 86' lang='lat' dir='ltr'>arte</span> <span class='ocrx_word' id='word_1_314' title='bbox 442 3721 612 3802; x_wconf 89' lang='lat' dir='ltr'>nescimus,</span> <span class='ocrx_word' id='word_1_315' title='bbox 642 3719 676 3782; x_wconf 90' lang='lat' dir='ltr'>in</span> <span class='ocrx_word' id='word_1_316' title='bbox 702 3721 850 3806; x_wconf 86' lang='lat' dir='ltr'>proximo</span> <span class='ocrx_word' id='word_1_317' title='bbox 878 3719 946 3784; x_wconf 91' lang='lat' dir='ltr'>sitis</span> <span class='ocrx_word' id='word_1_318' title='bbox 974 3717 1152 3784; x_wconf 86' lang='lat' dir='ltr'>deventuri.</span> 
     </span>
    </p>

    <p class='ocr_par' dir='ltr' id='par_1_5' title="bbox 53 3794 1152 4064">
     <span class='ocr_line' id='line_1_40' title="bbox 53 3794 1152 3952; baseline -0.002 -84"><span class='ocrx_word' id='word_1_319' title='bbox 53 3794 90 3862; x_wconf 72' lang='lat' dir='ltr'>Et</span> <span class='ocrx_word' id='word_1_320' title='bbox 109 3804 180 3888; x_wconf 93' lang='lat' dir='ltr'>quid</span> <span class='ocrx_word' id='word_1_321' title='bbox 202 3825 299 3952; x_wconf 68' lang='lat' dir='ltr'>super</span> <span class='ocrx_word' id='word_1_322' title='bbox 320 3803 368 3868; x_wconf 89' lang='lat' dir='ltr'>his</span> <span class='ocrx_word' id='word_1_323' title='bbox 397 3802 456 3868; x_wconf 91' lang='lat' dir='ltr'>tibi</span> <span class='ocrx_word' id='word_1_324' title='bbox 477 3804 582 3868; x_wconf 88' lang='lat' dir='ltr'>visum</span> <span class='ocrx_word' id='word_1_325' title='bbox 608 3803 713 3886; x_wconf 81' lang='lat' dir='ltr'>fuerit,</span> <span class='ocrx_word' id='word_1_326' title='bbox 741 3803 843 3868; x_wconf 87' lang='lat' dir='ltr'>amieo</span> <span class='ocrx_word' id='word_1_327' title='bbox 864 3825 923 3890; x_wconf 89' lang='lat' dir='ltr'>per</span> <span class='ocrx_word' id='word_1_328' title='bbox 943 3825 1001 3866; x_wconf 91' lang='lat' dir='ltr'>nos</span> <span class='ocrx_word' id='word_1_329' title='bbox 1022 3824 1152 3950; x_wconf 64' lang='lat' dir='ltr'>respon-</span> 
     </span>
     <span class='ocr_line' id='line_1_41' title="bbox 54 3880 1152 3974; baseline 0.004 -30"><span class='ocrx_word' id='word_1_330' title='bbox 54 3880 119 3948; x_wconf 85' lang='lat' dir='ltr'>dere</span> <span class='ocrx_word' id='word_1_331' title='bbox 137 3911 175 3954; x_wconf 90' lang='lat' dir='ltr'>ne</span> <span class='ocrx_word' id='word_1_332' title='bbox 197 3887 230 3951; x_wconf 93' lang='lat' dir='ltr'>di</span> <span class='ocrx_word' id='word_1_333' title='bbox 255 3889 346 3953; x_wconf 85' lang='lat' dir='ltr'>eras&#39;.</span> <span class='ocrx_word' id='word_1_334' title='bbox 388 3887 445 3952; x_wconf 93' lang='lat' dir='ltr'>Ille</span> <span class='ocrx_word' id='word_1_335' title='bbox 468 3887 641 3974; x_wconf 86' lang='lat' dir='ltr'>cupiditate</span> <span class='ocrx_word' id='word_1_336' title='bbox 668 3887 792 3970; x_wconf 88' lang='lat' dir='ltr'>duetus,</span> <span class='ocrx_word' id='word_1_337' title='bbox 818 3887 1032 3973; x_wconf 90' lang='lat' dir='ltr'>proditionem</span> <span class='ocrx_word' id='word_1_338' title='bbox 1054 3909 1073 3949; x_wconf 89' lang='lat' dir='ltr'>a</span> <span class='ocrx_word' id='word_1_339' title='bbox 1096 3885 1152 3949; x_wconf 94' lang='lat' dir='ltr'>du-</span> 
     </span>
     <span class='ocr_line' id='line_1_42' title="bbox 54 3960 1152 4064; baseline 0 -32"><span class='ocrx_word' id='word_1_340' title='bbox 54 3960 144 4036; x_wconf 68' lang='lat' dir='ltr'>biars,</span> <span class='ocrx_word' id='word_1_341' title='bbox 185 3970 330 4037; x_wconf 86' lang='lat' dir='ltr'>Herebat</span> <span class='ocrx_word' id='word_1_342' title='bbox 363 3993 439 4064; x_wconf 77' lang='lat' dir='ltr'>ergo</span> <span class='ocrx_word' id='word_1_343' title='bbox 469 3982 610 4058; x_wconf 88' lang='lat' dir='ltr'>stupens.</span> <span class='ocrx_word' id='word_1_344' title='bbox 653 3973 810 4058; x_wconf 89' lang='lat' dir='ltr'>Proponit</span> <span class='ocrx_word' id='word_1_345' title='bbox 835 3973 896 4038; x_wconf 88' lang='lat' dir='ltr'>sibi</span> <span class='ocrx_word' id='word_1_346' title='bbox 923 3971 1052 4035; x_wconf 87' lang='lat' dir='ltr'>tandem</span> <span class='ocrx_word' id='word_1_347' title='bbox 1080 3991 1152 4055; x_wconf 91' lang='lat' dir='ltr'>pro·</span> 
     </span>
    </p>
   </div>
   <div class='ocr_carea' id='block_1_5' title="bbox 53 4131 1154 4306">
    <p class='ocr_par' dir='ltr' id='par_1_6' title="bbox 53 4131 1154 4306">
     <span class='ocr_line' id='line_1_43' title="bbox 106 4131 1153 4187; baseline -0.004 -13"><span class='ocrx_word' id='word_1_348' title='bbox 106 4131 125 4183; x_wconf 71' lang='lat' dir='ltr'>a)</span> <span class='ocrx_word' id='word_1_349' title='bbox 140 4145 160 4186; x_wconf 85' lang='lat' dir='ltr'>a,</span> <span class='ocrx_word' id='word_1_350' title='bbox 176 4137 184 4176; x_wconf 96' lang='lat' dir='ltr'>l</span> <span class='ocrx_word' id='word_1_351' title='bbox 200 4136 256 4178; x_wconf 78' lang='lat' dir='ltr'>abac.</span> <span class='ocrx_word' id='word_1_352' title='bbox 324 4135 348 4186; x_wconf 88' lang='lat' dir='ltr'>b)</span> <span class='ocrx_word' id='word_1_353' title='bbox 362 4141 412 4186; x_wconf 77' lang='lat' dir='ltr'>port</span> <span class='ocrx_word' id='word_1_354' title='bbox 428 4137 478 4179; x_wconf 74' lang='lat' dir='ltr'>add.</span> <span class='ocrx_word' id='word_1_355' title='bbox 538 4135 558 4187; x_wconf 89' lang='lat' dir='ltr'>c)</span> <span class='ocrx_word' id='word_1_356' title='bbox 575 4137 641 4185; x_wconf 71' lang='lat' dir='ltr'>regia</span> <span class='ocrx_word' id='word_1_357' title='bbox 657 4137 677 4176; x_wconf 88' lang='lat'>1.</span> <span class='ocrx_word' id='word_1_358' title='bbox 738 4134 762 4187; x_wconf 86' lang='lat' dir='ltr'>d)</span> <span class='ocrx_word' id='word_1_359' title='bbox 778 4135 809 4174; x_wconf 77' lang='lat' dir='ltr'>tta</span> <span class='ocrx_word' id='word_1_360' title='bbox 825 4134 850 4175; x_wconf 86' lang='lat' dir='ltr'>P.</span> <span class='ocrx_word' id='word_1_361' title='bbox 856 4145 863 4183; x_wconf 88' lang='lat'>,·</span> <span class='ocrx_word' id='word_1_362' title='bbox 883 4133 1009 4172; x_wconf 75' lang='lat' dir='ltr'>vocobulum</span> <span class='ocrx_word' id='word_1_363' title='bbox 1024 4132 1043 4170; x_wconf 77' lang='lat' dir='ltr'>rt</span> <span class='ocrx_word' id='word_1_364' title='bbox 1058 4132 1153 4171; x_wconf 69' lang='lat' dir='ltr'>exstabat</span> 
     </span>
     <span class='ocr_line' id='line_1_44' title="bbox 53 4189 1154 4254; baseline 0 -23"><span class='ocrx_word' id='word_1_365' title='bbox 53 4191 95 4254; x_wconf 66' lang='lat' dir='ltr'>rod</span> <span class='ocrx_word' id='word_1_366' title='bbox 108 4191 129 4230; x_wconf 80' lang='lat' dir='ltr'>io</span> <span class='ocrx_word' id='word_1_367' title='bbox 143 4195 187 4244; x_wconf 75' lang='lat' dir='ltr'>fine</span> <span class='ocrx_word' id='word_1_368' title='bbox 206 4196 301 4245; x_wconf 74' lang='lat' dir='ltr'>popinae</span> <span class='ocrx_word' id='word_1_369' title='bbox 320 4195 440 4245; x_wconf 65' lang='lat' dir='ltr'>appetam</span> <span class='ocrx_word' id='word_1_370' title='bbox 460 4196 503 4235; x_wconf 79' lang='lat' dir='ltr'>tam</span> <span class='ocrx_word' id='word_1_371' title='bbox 524 4196 565 4246; x_wconf 63' lang='lat' dir='ltr'>leat</span> <span class='ocrx_word' id='word_1_372' title='bbox 584 4195 664 4246; x_wconf 67' lang='lat' dir='ltr'>aequat</span> <span class='ocrx_word' id='word_1_373' title='bbox 725 4193 747 4247; x_wconf 80' lang='lat' dir='ltr'>e)</span> <span class='ocrx_word' id='word_1_374' title='bbox 762 4193 783 4235; x_wconf 85' lang='lat' dir='ltr'>tr.</span> <span class='ocrx_word' id='word_1_375' title='bbox 799 4193 843 4233; x_wconf 82' lang='lat' dir='ltr'>tibi</span> <span class='ocrx_word' id='word_1_376' title='bbox 859 4194 878 4231; x_wconf 89' lang='lat'>1.</span> <span class='ocrx_word' id='word_1_377' title='bbox 939 4189 997 4242; x_wconf 68' lang='lat' dir='ltr'>op.</span> <span class='ocrx_word' id='word_1_378' title='bbox 1013 4191 1111 4240; x_wconf 78' lang='lat' dir='ltr'>spondet</span> <span class='ocrx_word' id='word_1_379' title='bbox 1126 4201 1154 4231; x_wconf 78' lang='lat' dir='ltr'>ac</span> 
     </span>
     <span class='ocr_line' id='line_1_45' title="bbox 55 4251 473 4306; baseline 0.017 -19"><span class='ocrx_word' id='word_1_380' title='bbox 55 4251 131 4290; x_wconf 73' lang='lat' dir='ltr'>roratur</span> <span class='ocrx_word' id='word_1_381' title='bbox 146 4253 212 4295; x_wconf 82' lang='lat' dir='ltr'>tidem</span> <span class='ocrx_word' id='word_1_382' title='bbox 228 4255 267 4295; x_wconf 81' lang='lat' dir='ltr'>dat</span> <span class='ocrx_word' id='word_1_383' title='bbox 283 4255 304 4306; x_wconf 90' lang='lat'>1,</span> <span class='ocrx_word' id='word_1_384' title='bbox 319 4255 356 4294; x_wconf 73' lang='lat' dir='ltr'>sed</span> <span class='ocrx_word' id='word_1_385' title='bbox 371 4266 419 4294; x_wconf 75' lang='lat' dir='ltr'>moa</span> <span class='ocrx_word' id='word_1_386' title='bbox 434 4255 473 4294; x_wconf 76' lang='lat' dir='ltr'>del.</span> 
     </span>
    </p>
   </div>
   <div class='ocr_carea' id='block_1_6' title="bbox 121 4370 996 4439">
    <p class='ocr_par' dir='ltr' id='par_1_7' title="bbox 121 4370 996 4439">
     <span class='ocr_line' id='line_1_46' title="bbox 121 4370 996 4439; baseline -0.003 -14"><span class='ocrx_word' id='word_1_387' title='bbox 121 4372 146 4439; x_wconf 86' lang='lat'>1)</span> <span class='ocrx_word' id='word_1_388' title='bbox 164 4376 239 4428; x_wconf 85' lang='lat' dir='ltr'>Haec</span> <span class='ocrx_word' id='word_1_389' title='bbox 258 4377 376 4428; x_wconf 86' lang='lat' dir='ltr'>breviter</span> <span class='ocrx_word' id='word_1_390' title='bbox 394 4373 474 4426; x_wconf 78' lang='lat' dir='ltr'>moe.</span> <span class='ocrx_word' id='word_1_391' title='bbox 493 4391 518 4427; x_wconf 79' lang='lat' dir='ltr'>a.</span> <span class='ocrx_word' id='word_1_392' title='bbox 539 4375 600 4427; x_wconf 75' lang='lat'>9³9.</span> <span class='ocrx_word' id='word_1_393' title='bbox 620 4377 718 4425; x_wconf 83' lang='lat' dir='ltr'>narrat.</span> <span class='ocrx_word' id='word_1_394' title='bbox 794 4372 822 4439; x_wconf 75' lang='lat'>2)</span> <span class='ocrx_word' id='word_1_395' title='bbox 842 4370 996 4423; x_wconf 86' lang='lat' dir='ltr'>Montreuil.</span> 
     </span>
    </p>
   </div>
   <div class='ocr_carea' id='block_1_7' title="bbox 0 0 1479 5016">
    <p class='ocr_par' dir='ltr' id='par_1_8' title="bbox 0 0 1479 5016">
     <span class='ocr_line' id='line_1_47' title="bbox 0 0 1479 5016; baseline 0 0"><span class='ocrx_word' id='word_1_396' title='bbox 0 0 1479 5016; x_wconf 95' lang='lat' dir='ltr'> </span> 
     </span>
    </p>
   </div>
  </div>
 </body>
</html>
