2938 5016
307 409 342 460 bt
553 397 724 460 'monum
742 406 996 461 msuomtnum
1014 407 1127 460 LIBER
1145 407 1182 458 11.

244 591 296 634 m·
306 575 485 658 addixerat,
507 573 549 639 ad
568 573 763 662 loquendum
779 573 953 640 obveniens
959 585 983 645 ⁸.
1016 575 1162 658 Quorum
1176 571 1306 640 consilio
1319 572 1412 638 multa

308 658 480 726 concordia
501 657 637 740 firmato,
659 659 855 724 amicitiaml
877 669 989 725 mutuo
1011 657 1249 724 conditionibus
1271 666 1410 724 statuunt

307 745 357 809 Ac
386 743 449 809 fine
476 745 597 828 negotii
625 743 720 826 facto,
748 765 807 808 rex
834 743 1028 809 Laudunum
1057 742 1183 810 rediit1.
1239 742 1314 809 Otto
1342 764 1411 808 vero

307 829 363 894 Hu
389 849 482 892 onem
503 829 537 892 in
558 849 592 894 re
617 827 643 892 is
687 827 800 892 rafiam
820 827 973 892 reducere
988 826 1163 913 sategebat.
1197 828 1303 909 Quem
1314 824 1412 890 multis

307 933 364 977 ver
407 933 478 976 rum
500 913 573 978 stim
609 913 636 976 is
657 849 854 978 dmiliarttsr
874 933 912 976 ac
933 910 997 976 levi
1017 911 1124 977 furore
1151 910 1353 998 redarguens,
1378 930 1413 974 eo

307 996 394 1145 quod
421 997 491 1144 regi
518 1017 577 1062 suo
606 996 777 1061 contrairet
806 995 1036 1082 dominumque
1057 996 1206 1062 insectari
1232 1017 1297 1060 non
1316 993 1412 1060 formi-

330 1091 407 1162 aret,
441 1102 461 1143 a
504 1102 613 1166 regem
635 1078 739 1145 redire
761 1079 875 1147 effecit.
918 1079 963 1145 Et
985 1090 1129 1167 tempore
1152 1089 1324 1177 oportuno,
1346 1099 1414 1177 pru·

307 1165 458 1314 dddddiblt
472 1162 686 1251 legationibus
708 1163 882 1250 premissis,
906 1164 975 1248 regi
1004 1162 1119 1230 ducem
1147 1162 1274 1229 reducit
1300 1162 1413 1248 srbrque

182 1403 236 1450 ⁹101.
253 1407 297 1453 ιε’,
364 1389 415 1454 30.
450 1387 655 1474 *Principum
676 1385 763 1473 apud
785 1407 893 1470 regem
916 1396 1089 1451 conventus
1110 1407 1149 1450 ac
1171 1384 1315 1452 Wilelmi
1335 1385 1365 1449 in
1468 1458 1469 1461 Ἴ

602 1483 733 1536 eorum⁰
755 1471 902 1535 contione
924 1467 1138 1536 tumultuatio.

392 1581 508 1644 Duce²
538 1602 615 1680 ergo
645 1581 679 1644 in
706 1580 875 1666 pristinam
901 1579 1037 1679 gratiam
1067 1588 1226 1661 revocato,
1255 1579 1414 1663 cumipse
1468 1584 1469 1601 ¹

308 1665 426 1730 virtute
449 1675 481 1730 et
502 1665 605 1750 copiis
627 1663 839 1746 antecelleret,
860 1662 914 1728 alii
941 1673 1170 1749 consequenter
1194 1661 1320 1728 reducti
1340 1668 1414 1725 sunt.

310 1747 468 1813 Omnibus
491 1748 598 1834 itaque
621 1746 662 1813 ad
683 1771 793 1834 regem
820 1747 965 1827 reversis,
994 1749 1029 1810 in
1057 1747 1137 1811 fisco
1164 1747 1253 1831 regio
1273 1746 1413 1810 Atiniaco

308 1831 530 1930 principibusd
552 1829 593 1895 ab
615 1854 690 1917 rege
712 1843 786 1918 post
807 1831 875 1896 dies
889 1832 929 1896 tri
954 1833 1019 1896 ‘nta
1034 1829 1227 1917 colloquium
1241 1828 1413 1895 habendum
1467 1889 1468 1892 ,

307 1913 468 1979 mdicitur.
511 1915 555 1979 Et
577 1914 629 1979 die
652 1917 824 1982 constituta
845 1939 903 1981 rex
924 1853 970 1982 ill
992 1936 1067 1978 cum
1081 1915 1319 2002 provinciarum
1338 1913 1414 2000 prin·
1467 1943 1468 1946 ¹

309 1999 338 2062 ci
364 1997 435 2063 ibus
451 1997 549 2081 affuit,
569 1998 624 2062 Hc
649 2012 728 2064 one⁰
742 1998 908 2066 videlicetf
920 2009 1131 2098 cognomento
1145 1999 1274 2084 Magno,
1289 1995 1413 2062 Amulio
1466 2005 1468 2078 ζ

344 2081 506 2146 crinorum
513 2093 536 2164 ⁸,
550 2020 698 2148 Wilelmo
713 2083 888 2170 piratarum
903 2081 1039 2149 ducrbus
1054 2106 1092 2148 ao
1102 2081 1273 2148 Heriberto
1289 2085 1414 2148 tiranno.

308 2165 375 2231 Neo
399 2165 499 2231 defuit
522 2165 683 2232 Saxoniae
705 2189 764 2232 rex
787 2167 874 2234 Otto.
916 2167 1101 2232 Ludovicus
1122 2189 1180 2232 rex
1202 2187 1276 2231 cum
1297 2167 1331 2230 in
1350 2185 1414 2230 con-

196 2266 234 2322 ·p.
249 2247 394 2316 seclari
423 2273 492 2317 sese
531 2273 605 2316 cum
635 2251 754 2318 Ottone
786 2275 861 2337 rege
891 2253 952 2316 ach
981 2255 991 2280 *
1021 2250 1197 2338 rincipibus
1226 2271 1298 2316 rece
1322 2247 1414 2330 issetl,

310 2333 442 2400 consilio
464 2337 642 2402 incertuml
664 2357 705 2400 an
726 2336 867 2418 fortuitu,
890 2333 975 2400 solus
1035 2334 1159 2400 ilelmus
1182 2335 1285 2400 duxa
1308 2335 1414 2398 missus

307 2440 373 2483 non
395 2430 452 2484 est.
495 2420 632 2485 Diuoius
655 2443 730 2507 ergo
752 2420 859 2485 afforis
882 2429 1083 2568 exspectans,
1113 2441 1187 2483 cum
1208 2440 1274 2483 non
1295 2438 1414 2484 vocare·

307 2511 368 2585 tur,
389 2525 458 2567 rem
479 2505 585 2568 animo
607 2505 688 2570 irato
703 2503 835 2569 ferebat.
867 2503 937 2568 Tan
961 2525 1012 2568 em
1027 2505 1061 2567 in
1075 2505 1155 2568 iram
1169 2525 1291 2585 versus,
1313 2509 1415 2589 utpote

307 2607 407 2649 manu
428 2595 460 2651 et
481 2587 610 2651 audatia
624 2589 752 2670 nimius,
773 2587 894 2654 foribus
910 2587 1025 2653 clausis
1040 2589 1106 2652 vim
1126 2586 1232 2651 intulit
1252 2609 1290 2650 ac
1310 2598 1415 2652 retror-
1463 2657 1464 2664 p

308 2690 381 2733 sum
402 2668 640 2734 vibrabundus¹
662 2670 779 2757 adegit.
812 2671 1042 2760 Ingressusque
1070 2670 1185 2737 lectum
1220 2693 1297 2736 cons
1321 2672 1414 2735 ieeur
1467 2687 1468 2705 *

306 2752 552 2838 gestatoriumm.
585 2755 624 2818 In
646 2775 709 2840 quo
725 2755 821 2819 etiam
843 2777 863 2818 a
884 2767 974 2840 parte
996 2754 1161 2822 cervicalis
1210 2763 1255 2821 tto
1278 2693 1411 2834 editiore,

305 2858 365 2901 rex
385 2857 461 2900 vero
483 2837 517 2900 in
539 2847 629 2924 parte
652 2847 795 2902 extreme.
816 2838 966 2904 humilior
992 2839 1160 2906 residebat.
1203 2839 1264 2903 In¹¹
1286 2858 1413 2927 quorum

305 2929 479 3006 prospectu
499 2919 597 3006 Hugo
620 2932 651 2986 et
665 2920 818 2987 Arnulfus
841 2923 965 2990 duabus
986 2923 1160 2989 residentes
1182 2921 1277 3006 sellis,
1301 2919 1414 2988 consilii

306 3003 450 3068 ordinem
465 3004 704 3090 exspectabant.
737 3007 908 3072 Wilelmus
930 3009 1014 3094 regis
1035 3007 1185 3071 iniuriam
1206 3030 1272 3071 non
1294 3025 1413 3094 passus:

306 3085 386 3171 (ΑΠ’,
408 3089 521 3174 inquit,
551 3089 610 3154 ‘his
631 3090 783 3156 interesse
812 3113 878 3156 non
905 3089 1026 3156 debui?
1058 3091 1301 3158 Desertorisne⁰
1329 3089 1414 3156 dede·

306 3193 378 3237 core
400 3169 572 3260 aliquando
594 3173 735 3238 sordui’?
770 3175 989 3261 Fervidusque
1015 3175 1252 3262 propinquans:
1289 3173 1364 3240 ‘Sur
1384 3173 1412 3252 e’,

304 3256 416 3344 inquit,
450 3255 635 3344 paululum,
658 3259 741 3323 rex’l
786 3259 859 3342 Quo
891 3279 968 3322 mox
1000 3267 1160 3344 surgente,
1191 3259 1262 3344 ipse
1293 3196 1411 3324 resedit.

304 3340 471 3428 Dixitque,
494 3340 646 3408 indecens
665 3365 745 3424 esse,
765 3364 875 3429 regem
890 3341 1082 3426 inferiorem,
1104 3341 1202 3408 alium
1217 3364 1294 3408 vero
1312 3361 1410 3431 quem-

303 3423 382 3490 libet
403 3425 601 3512 superiorem
630 3425 749 3510 videri3
806 3436 980 3513 uapropter
1001 3435 1147 3513 oportere
1170 3424 1324 3492 Ottonem
1347 3421 1412 3490 inde

303 3507 428 3573 amoliri
449 3511 581 3594 regique
603 3510 726 3575 cedere.
780 3449 857 3576 &tto
903 3510 1003 3576 udore
1025 3510 1157 3576 affectus
1177 3511 1279 3596 surgit
1301 3532 1340 3576 ac
1353 3507 1412 3593 regi
1460 3549 1461 3552 =

303 3590 397 3656 cedit.
433 3591 505 3655 Rex
519 3593 628 3678 itaque
643 3594 796 3679 superior,
818 3603 851 3659 at
910 3593 1035 3660 ilelmus
1049 3594 1180 3660 inferior
1198 3595 1411 3662 consederunt.

362 3786 385 3840 s)
407 3789 459 3830 cdv.
483 3791 504 3830 1.
564 3787 588 3841 b)
604 3791 731 3838 smtttolcm
749 3795 769 3834 t.
829 3793 850 3846 c>
863 3799 914 3846 poet
934 3795 985 3837 cdd.
1045 3793 1069 3846 d)
1091 3795 1144 3838 hab.
1161 3806 1230 3846 cpr·
1251 3796 1280 3836 ab
1297 3807 1317 3838 r.
1333 3793 1378 3836 tnd.
1393 3791 1410 3830 l·
1455 3767 1460 3788 s

303 3844 608 3898 turcomanorum.
662 3847 723 3902 ode
738 3851 876 3894 eutitanus.
891 3857 911 3895 1.
957 3851 981 3904 g)
997 3853 1138 3903 quiscerem
1151 3855 1241 3896 videtur.
1297 3854 1321 3907 h)
1335 3850 1409 3894 euml·

302 3903 320 3958 t)
337 3916 388 3948 sess
404 3917 422 3948 r.
440 3907 460 3946 1.
520 3905 545 3958 k)
561 3909 612 3950 a!
616 3936 707 3952 .......
724 3909 829 3965 (meam)
847 3915 866 3956 1.
925 3909 944 3964 1>
958 3913 1061 3954 fervidus
1079 3913 1099 3955 1.
1168 3910 1409 3965 mammantibus

302 3975 330 4006 so
346 3967 428 4008 cstsru
444 3967 581 4008 nsessssrtls
597 3971 694 4010 stratum
717 3970 767 4011 cdd.
785 3972 804 4010 l.
879 3969 905 4024 n)
922 3972 990 4022 nugo
1006 3982 1062 4012 vero
1082 3973 1107 4013 et
1121 3971 1233 4014 Arnultus
1255 3973 1281 4014 tn
1298 3981 1376 4015 sorum
1389 3977 1410 4017 P·

303 4024 392 4066 dnobus
409 4027 429 4065 l.
490 4023 513 4076 o)
530 4025 567 4066 An
583 4026 753 4079 desertorisque
770 4031 790 4070 1.
810 4079 814 4086 ⁴

377 4168 403 4232 1)
423 4167 501 4219 Haec
514 4169 652 4222 Richsrus.
728 4169 758 4237 2)
779 4171 821 4221 Ds
840 4171 882 4222 his
902 4172 970 4223 nihil
989 4172 1061 4240 apud
1073 4171 1270 4236 Hadoardum
1292 4173 1408 4226 Ottonem

301 4253 393 4304 regem
411 4241 463 4292 hoc
482 4247 602 4310 tempore
621 4245 649 4293 in
667 4242 728 4294 loco
748 4259 828 4311 super
839 4243 944 4296 Mosam
959 4247 1004 4312 qni
1019 4245 1118 4298 dicitur
1131 4247 1272 4312 vensegus
1283 4239 1408 4314 (voest)

302 4325 362 4362 cum
382 4312 521 4366 Βυᾱονίοο
548 4316 714 4378 convenisse,
739 4315 821 4369 tradit
840 4315 930 4382 Dudo,
950 4319 1000 4373 SS.
1018 4319 1065 4382 IV,
1091 4337 1118 4387 p.
1138 4319 1181 4371 96.
1217 4318 1260 4370 cf.
1278 4313 1408 4371 Diimmlsr
1459 4365 1460 4383 ,

301 4399 327 4451 p.
351 4383 401 4432 128
421 4401 462 4449 n.;
481 4403 507 4438 v.
527 4387 694 4453 Kalclrstein,
713 4389 812 4443 Franz.
831 4389 996 4458 Ktiuigthum
1016 4409 1043 4460 p.
1064 4393 1117 4444 23b
1137 4409 1178 4459 sq.
1458 4413 1459 4424 ³
