2938 5016
277 402 431 454 RIOHERI
450 401 703 454 HISTORIARUM
723 401 835 452 LIBER
853 401 890 452 11.
1103 401 1136 450 41

41 567 93 632 ,ba
112 591 181 654 rege
209 571 330 656 gratias
353 569 424 633 duci
451 569 621 634 referentes
643 591 681 633 ac
726 591 762 633 ro
784 569 869 654 regis
891 567 1021 634 creandi
1042 567 1138 634 advo·
1148 583 1198 627 111.

41 653 149 717 catione
176 653 310 718 multam
342 654 409 717 eius
441 653 615 718 amicitiam
647 675 689 739 po
714 655 843 717 icentcs.
899 651 998 716 Duxi
1030 651 1074 718 ita
1098 675 1137 718 ue

41 758 103 799 curn
124 735 299 802 Galliarum
320 737 519 824 principibus
542 736 706 802 dominum
728 749 858 822 regemc
881 738 1057 822 excepturi,
1076 675 1139 801 bo·

40 823 151 884 noniam
166 823 309 905 veniunt,
332 843 369 886 ac
391 843 483 886 secus
505 822 592 906 ipsas
613 819 742 887 litoreas
764 843 876 886 arenas
892 819 1026 906 collecti,
1047 831 1139 908 tugu-

40 905 143 968 riorum
168 905 317 970 incendio
344 906 538 992 presentiam
568 908 681 970 suam(¹
711 906 749 968 iis
777 906 831 992 qui
859 905 891 968 in
920 904 1018 969 altero
1047 903 1138 970 litore

40 999 117 1054 erant
147 990 385 1055 ostendebantt
430 988 481 1054 Ibi
514 990 598 1053 enim
625 987 820 1055 Adelstanus
852 1011 910 1053 rex
944 1011 1017 1052 cum
1049 991 1138 1075 regio

40 1074 166 1157 equitatu
203 1083 353 1160 nepotem
392 1072 660 1160 prestolantibusf
689 1072 790 1138 Gallis
831 1075 985 1138 missurus
1018 1073 1137 1138 aderat.

40 1155 146 1222 Cuius&
167 1159 257 1222 iussu
280 1157 392 1222 domus
415 1157 536 1244 aliquot
557 1178 738 1240 succensae,
761 1180 829 1222 sese
852 1157 1028 1240 advenisse,
1050 1168 1138 1222 trans

38 1242 135 1324 positis
156 1241 427 1308 demonstrabant.

38 1361 62 1423 4.
96 1363 211 1448 Hugoh
234 1364 278 1427 eti
305 1361 420 1450 reliqui
448 1361 647 1427 Galliarumh
669 1362 830 1448 principes
852 1362 1074 1426 Ludovicumh
1096 1363 1137 1428 ab

118 1447 233 1512 exilio¹¹
256 1449 429 1512 revocantll
452 1449 583 1532 eiusque
603 1445 684 1510 fiunt
708 1445 783 1535 [11]ΙΙ
805 1469 913 1532 regem
929 1458 1045 1512 creant.

109 1550 177 1614 Rex
209 1572 286 1636 ergo
317 1549 463 1616 Odonem
496 1550 707 1636 episcopum*
749 1559 841 1633 post¹
874 1547 1138 1614 canthorbricen-

38 1633 129 1696 siuml
155 1633 445 1720 metropolitanum,
479 1632 581 1698 Gallis
609 1656 649 1698 ex
678 1597 814 1698 adverso
843 1633 965 1718 positis,
997 1633 1135 1718 legatum

38 1716 144 1802 dirigit,
171 1741 307 1805 magnae
329 1720 498 1804 aequitatis
521 1739 559 1782 ac
582 1716 779 1804 eloquentiae
800 1717 914 1798 virum,
937 1717 1138 1782 Ludovicum

37 1823 100 1864 sese
119 1801 247 1868 libenter
272 1803 444 1867 missurum
469 1801 634 1883 mandans,
666 1803 693 1866 si
714 1811 802 1866 tanto
830 1799 918 1866 illum
945 1804 993 1866 in¹
1024 1800 1137 1868 Galliis

36 1883 145 1950 honore
167 1887 332 1974 proveant,
358 1897 476 1973 quanto
498 1890 568 1973 ipse
590 1908 610 1948 a
631 1887 695 1950 suis
718 1897 890 1972 provectus
912 1896 968 1969 est,
991 1909 1064 1950 cum
1092 1885 1137 1950 illi

37 1971 120 2034 etiam
141 1985 232 2036 non¹¹¹
255 1973 361 2036 minus
383 1971 417 2035 id
442 1971 548 2036 facere
577 1969 715 2054 valeant,
745 1970 841 2058 idque
870 1971 1073 2035 iureiurando
1104 1994 1137 2035 se

36 2053 161 2120 facturos
186 2055 387 2138 confirment3
422 2055 508 2142 quod
531 2057 558 2118 si
579 2053 710 2136 nolinrr,
734 2078 803 2121 sese
826 2055 875 2119 ei⁰
898 2055 1044 2120 daturum
1067 2077 1137 2120 suo·

36 2160 95 2202 rum
120 2139 251 2226 aliquod
280 2162 461 2238 regnorum,
497 2162 560 2225 quo
590 2148 755 2205 contentus
785 2149 817 2204 et
846 2141 912 2203 suis
941 2139 1081 2224 gaudeat
1108 2147 1138 2204 et

36 2219 131 2288 alienis
146 2246 214 2288 non
228 2223 421 2288 sollicitetur.
453 2223 534 2287 Dux
556 2237 650 2287 cumi
671 2223 801 2309 reliquis
817 2221 994 2287 Galliarum
1008 2244 1137 2308 magna·
1204 2236 1207 2244 '

36 2306 105 2372 tibus
132 2308 168 2372 id
198 2331 268 2372 sese
294 2307 449 2374 facturum
478 2309 600 2390 asserit,
628 2309 655 2372 si
683 2330 741 2372 rex
770 2315 893 2370 creatus
921 2328 941 2369 a
970 2307 1034 2369 suis
1064 2327 1136 2370 con·

36 2389 99 2455 siliis
112 2416 178 2458 non
195 2393 357 2458 *absistat
399 2394 656 2478 Prosecutusque
676 2391 881 2455 iurisiurandi
903 2397 1184 2456 sacramentum'n·
1201 2400 1251 2442 ⁶⁸8·

34 2496 84 2548 non
115 2478 239 2544 abnuit.
287 2477 426 2562 Legatos
455 2478 562 2563 itaque
580 2477 716 2559 rediens,
747 2476 815 2561 regi
844 2473 1030 2562 prestolanti
1056 2475 1135 2539 hacc

36 2562 125 2625 omnia
145 2561 254 2626 refert.
304 2561 399 2626 Unde
417 2571 448 2626 ct
468 2583 597 2627 securus
622 2574 771 2648 nepotem
794 2581 865 2623 cum
895 2560 934 2623 iis
964 2559 1019 2646 qui
1048 2559 1135 2645 apud

35 2664 60 2706 se
99 2647 216 2711 otiores
239 2655 329 2710 erant
349 2643 466 2709 multas
488 2645 661 2730 insignium
680 2645 852 2710 ambitione
868 2643 1002 2708 navibus
1018 2644 1136 2732 dirigit.

35 2667 172 2818 Velisque
205 2752 283 2794 aura
316 2729 483 2794 commoda
511 2729 712 2814 turgentibus
741 2728 874 2816 pelagus
903 2729 1047 2814 ingressi,
1078 2751 1136 2816 per

35 2814 161 2896 quietum
193 2813 418 2900 spumantibus
447 2815 544 2880 remis
574 2813 616 2878 ad
644 2824 761 2878 terram
789 2813 941 2880 feruntur.
985 2814 1135 2878 Firmatis

34 2917 95 2962 vero
115 2910 209 2984 tergo
231 2920 346 2964 arenae
371 2898 518 2981 navibus,
539 2897 744 2962 Ludovicusr
766 2897 936 2984 egreditur,
960 2919 998 2962 ac
1020 2897 1135 2962 ducem

34 3000 92 3044 cum
117 2983 250 3069 reliquis
279 2985 537 3048 occurrentibus⁰
564 2984 738 3068 excipiens,
765 2984 834 3048 iure
861 2983 1051 3046 sacramenti
1073 2980 1135 3046 sibi

34 3063 200 3153 adcopulat.
244 3067 323 3132 Dux
344 3065 418 3132 inde
445 3065 639 3152 accelerans,
668 3079 804 3154 sequum
830 3066 1009 3151 insignibus
1038 3066 1135 3151 regiis

34 3146 209 3216 adornatum
239 3151 379 3216 adducit.
428 3151 531 3232 Quem
562 3173 634 3214 cum
663 3153 809 3218 ascensui
837 3161 947 3249 aptare
969 3149 1072 3232 vellet,
1103 3159 1135 3213 et

33 3228 73 3296 ille
92 3235 263 3323 impatiens
285 3237 318 3298 in
341 3234 469 3300 diversa
491 3257 560 3300 sese
582 3233 713 3318 tolleret,
742 3235 924 3300 Ludovrcus
946 3233 1024 3319 agili
1045 3232 1134 3298 exili-

33 3315 103 3383 tione
130 3319 312 3407 prosiliens,
342 3341 423 3406 equo
452 3321 606 3406 strepenti
635 3319 780 3406 neglecta
808 3318 921 3402 stapha
949 3317 1133 3402 repentinus

34 3400 141 3470 insedit.
188 3404 287 3485 Quod
309 3405 404 3469 etiam
425 3403 485 3468 fuit
512 3404 658 3470 omnibus
703 3413 807 3468 ratum
830 3423 867 3466 ac
881 3399 1005 3482 ‚multae
1028 3409 1133 3484 gratu-

32 3480 143 3554 lationis
175 3491 374 3576 provocatio
418 3487 516 3554 Cuius
548 3509 638 3553 arma
692 3511 736 3552 ux
769 3485 962 3585 suscipiens,
996 3484 1134 3632 armiger

32 3571 224 3655 precedebat,
257 3573 359 3638 donec
383 3572 490 3638 iussus
517 3571 754 3657 magnatibus**
786 3569 961 3636 Galliarum
991 3579 1085 3634 contu
1099 3569 1132 3632 it.

94 3735 115 3799 ⁸)
133 3737 255 3802 legatum
276 3735 397 3788 Odonem
417 3736 541 3788 abbatem
564 3739 588 3787 1.

81 3807 114 3876 ¹⁸)
133 3811 279 3862 Heriberto
300 3811 390 3860 comiti
410 3809 498 3872 dedit3
524 3809 570 3860 ille
591 3825 695 3876 quoque
721 3809 815 3860 tandiu
841 3810 1020 3874 armigeravit,
1048 3809 1134 3860 donec

137 3889 165 3934 et
184 3885 243 3950 ipse
258 3885 345 3935 iussus
358 3883 469 3934 Amulio
490 3885 582 3935 comiti
600 3883 733 3935 redderet.
772 3883 818 3936 Sic
838 3897 944 3948 quoque
964 3883 1133 3948 magnatibus

137 3957 288 4009 Galliarum
307 3955 482 4009 militantibus
502 3974 524 4009 c.
546 3974 580 4010 rn.
600 3973 625 4007 a.
645 3956 731 4007 Laud.
753 3957 778 4008 d.
799 3972 822 4009 e.
846 3959 870 4006 1.

79 4061 100 4114 a)
116 4067 179 4115 regis
197 4069 216 4107 1.
286 4063 309 4120 b)
322 4067 351 4106 D.
367 4067 383 4109 1.
399 4077 418 4108 c.
437 4066 637 4109 (1.1·1111111111,
704 4065 724 4118 c)
736 4071 787 4116 post
802 4066 852 4108 add.
918 4063 941 4116 d)
959 4063 1029 4105 etium
1045 4064 1094 4104 1111.
1112 4065 1133 4102 1.

31 4115 48 4166 ε)
62 4125 194 4165 ostendebat
209 4137 226 4166 c.
287 4123 306 4177 1)
322 4137 344 4176 p.
362 4124 389 4168 G.
406 4131 454 4176 post
469 4127 520 4165 add.
580 4124 603 4177 g)
620 4125 689 4165 etiam
705 4125 755 4166 add.
773 4128 794 4167 1.
855 4121 879 4174 11)
896 4124 940 4174 flu,
957 4123 1008 4174 Gal,
1025 4121 1050 4173 L,
1067 4122 1095 4162 ab
1113 4133 1132 4172 e,

31 4186 57 4227 ⁰⁸,
78 4184 99 4220 et
121 4184 179 4224 abac.
248 4181 265 4236 1)
289 4195 318 4225 ex
341 4185 435 4234 reliquis
535 4185 678 4235 principibus
704 4186 724 4225 1.
809 4181 834 4234 k)
859 4182 1089 4223 canthorbricensem
1113 4181 1133 4222 1.

30 4233 120 4284 1)111(1.
139 4247 191 4292 post
207 4243 256 4283 add.
317 4242 542 4296 m)amp11us1d1.
604 4242 628 4294 n)
645 4243 727 4283 nolunt
743 4244 762 4283 1.
825 4239 847 4293 o)
864 4242 899 4281 1111
916 4243 935 4284 1.
996 4239 1020 4292 p)
1037 4251 1064 4281 ac
1080 4239 1133 4280 reli·

31 4297 62 4342 qui
77 4297 102 4339 (1.
118 4305 239 4350 magnates
255 4304 276 4344 1.
336 4300 360 4354 q)
377 4303 494 4344 1111111111
510 4302 549 4345 det.
614 4301 634 4353 r)
650 4312 691 4342 rex
706 4303 727 4342 1.
786 4299 805 4352 e)
823 4301 912 4349 regium
928 4300 969 4342 del.

94 4397 120 4462 1)
140 4397 174 4447 A.
195 4397 257 4448 942.
278 4398 495 4466 archiepiscopus
516 4397 675 4450 (1111111111
696 4397 783 4450 factus
804 4401 852 4450 est.
