<?xml version="1.0" encoding="UTF-8"?>
<!DOCTYPE html PUBLIC "-//W3C//DTD XHTML 1.0 Transitional//EN"
    "http://www.w3.org/TR/xhtml1/DTD/xhtml1-transitional.dtd">
<html xmlns="http://www.w3.org/1999/xhtml" xml:lang="en" lang="en">
 <head>
  <title>
</title>
<meta http-equiv="Content-Type" content="text/html;charset=utf-8" />
  <meta name='ocr-system' content='tesseract 3.04.00' />
  <meta name='ocr-capabilities' content='ocr_page ocr_carea ocr_par ocr_line ocrx_word'/>
</head>
<body>
  <div class='ocr_page' id='page_1' title='image "./richerihistoria00richgoog_0058.png"; bbox 0 0 2938 5016; ppageno 0'>
   <div class='ocr_carea' id='block_1_1' title="bbox 340 447 1192 502">
    <p class='ocr_par' dir='ltr' id='par_1_1' title="bbox 340 447 1192 502">
     <span class='ocr_line' id='line_1_1' title="bbox 340 447 1192 502; baseline -0.001 -2"><span class='ocrx_word' id='word_1_1' title='bbox 340 447 491 500; x_wconf 73' lang='lat' dir='ltr'>menelai</span> <span class='ocrx_word' id='word_1_2' title='bbox 511 448 763 502; x_wconf 79' lang='lat' dir='ltr'>HISTORIARUM</span> <span class='ocrx_word' id='word_1_3' title='bbox 781 448 930 500; x_wconf 78' lang='lat' dir='ltr'>LIBERI.</span> <span class='ocrx_word' id='word_1_4' title='bbox 1157 449 1192 500; x_wconf 75' lang='lat' dir='ltr'>at</span> 
     </span>
    </p>
   </div>
   <div class='ocr_carea' id='block_1_2' title="bbox 87 613 1251 1386">
    <p class='ocr_par' dir='ltr' id='par_1_2' title="bbox 87 613 1251 1386">
     <span class='ocr_line' id='line_1_2' title="bbox 89 613 1251 702; baseline 0.005 -26"><span class='ocrx_word' id='word_1_5' title='bbox 89 613 170 699; x_wconf 91' lang='lat' dir='ltr'>apud</span> <span class='ocrx_word' id='word_1_6' title='bbox 193 636 314 701; x_wconf 88' lang='lat' dir='ltr'>regem,</span> <span class='ocrx_word' id='word_1_7' title='bbox 345 615 554 702; x_wconf 81' lang='lat' dir='ltr'>prodentibus</span> <span class='ocrx_word' id='word_1_8' title='bbox 583 617 632 680; x_wconf 90' lang='lat' dir='ltr'>sui</span> <span class='ocrx_word' id='word_1_9' title='bbox 661 615 737 682; x_wconf 86' lang='lat' dir='ltr'>facti</span> <span class='ocrx_word' id='word_1_10' title='bbox 759 617 902 696; x_wconf 89' lang='lat' dir='ltr'>consciis,</span> <span class='ocrx_word' id='word_1_11' title='bbox 925 617 1090 682; x_wconf 89' lang='lat' dir='ltr'>convictus</span> <span class='ocrx_word' id='word_1_12' title='bbox 1098 626 1121 699; x_wconf 74' lang='lat'>⁸,</span> <span class='ocrx_word' id='word_1_13' title='bbox 1144 633 1251 682; x_wconf 69' lang='lat' dir='ltr'>erut.</span> 
     </span>
     <span class='ocr_line' id='line_1_3' title="bbox 89 697 1192 844; baseline 0.004 -83"><span class='ocrx_word' id='word_1_14' title='bbox 89 697 208 844; x_wconf 59' lang='lat' dir='ltr'>pusiolo</span> <span class='ocrx_word' id='word_1_15' title='bbox 229 700 436 785; x_wconf 89' lang='lat' dir='ltr'>mancipatur.</span> <span class='ocrx_word' id='word_1_16' title='bbox 480 701 553 781; x_wconf 77' lang='lat' dir='ltr'>Quo</span> <span class='ocrx_word' id='word_1_17' title='bbox 574 710 713 786; x_wconf 87' lang='lat' dir='ltr'>peracto,</span> <span class='ocrx_word' id='word_1_18' title='bbox 741 723 761 764; x_wconf 95' lang='lat' dir='ltr'>a</span> <span class='ocrx_word' id='word_1_19' title='bbox 782 699 922 787; x_wconf 77' lang='lat' dir='ltr'>pernicie</span> <span class='ocrx_word' id='word_1_20' title='bbox 944 699 1106 766; x_wconf 88' lang='lat' dir='ltr'>Heribsrti</span> <span class='ocrx_word' id='word_1_21' title='bbox 1127 723 1192 765; x_wconf 90' lang='lat' dir='ltr'>non</span> 
     </span>
     <span class='ocr_line' id='line_1_4' title="bbox 109 783 1191 870; baseline 0.002 -24"><span class='ocrx_word' id='word_1_22' title='bbox 109 783 249 860; x_wconf 85' lang='lat' dir='ltr'>esistens‚</span> <span class='ocrx_word' id='word_1_23' title='bbox 271 783 408 869; x_wconf 86' lang='lat' dir='ltr'>Hugone</span> <span class='ocrx_word' id='word_1_24' title='bbox 429 785 538 864; x_wconf 87' lang='lat' dir='ltr'>ascito,</span> <span class='ocrx_word' id='word_1_25' title='bbox 562 805 633 848; x_wconf 91' lang='lat' dir='ltr'>cum</span> <span class='ocrx_word' id='word_1_26' title='bbox 655 783 739 848; x_wconf 89' lang='lat'>8000</span> <span class='ocrx_word' id='word_1_27' title='bbox 752 783 944 849; x_wconf 89' lang='lat' dir='ltr'>Laudunum</span> <span class='ocrx_word' id='word_1_28' title='bbox 965 786 1095 870; x_wconf 88' lang='lat' dir='ltr'>appetit.</span> <span class='ocrx_word' id='word_1_29' title='bbox 1125 783 1191 850; x_wconf 90' lang='lat' dir='ltr'>Ubi</span> 
     </span>
     <span class='ocr_line' id='line_1_5' title="bbox 89 865 1191 952; baseline 0.002 -22"><span class='ocrx_word' id='word_1_30' title='bbox 89 887 152 930; x_wconf 90' lang='lat' dir='ltr'>cum</span> <span class='ocrx_word' id='word_1_31' title='bbox 167 865 356 932; x_wconf 88' lang='lat' dir='ltr'>Heribertus</span> <span class='ocrx_word' id='word_1_32' title='bbox 377 867 477 932; x_wconf 86' lang='lat' dir='ltr'>multa</span> <span class='ocrx_word' id='word_1_33' title='bbox 499 867 663 933; x_wconf 81' lang='lat' dir='ltr'>obsidione</span> <span class='ocrx_word' id='word_1_34' title='bbox 684 878 859 952; x_wconf 81' lang='lat' dir='ltr'>urgeretur,</span> <span class='ocrx_word' id='word_1_35' title='bbox 881 867 1065 948; x_wconf 79' lang='lat' dir='ltr'>egrediendi</span> <span class='ocrx_word' id='word_1_36' title='bbox 1086 867 1191 933; x_wconf 91' lang='lat' dir='ltr'>locum</span> 
     </span>
     <span class='ocr_line' id='line_1_6' title="bbox 88 947 1191 1038; baseline 0.005 -27"><span class='ocrx_word' id='word_1_37' title='bbox 88 947 124 1013; x_wconf 89' lang='lat' dir='ltr'>ab</span> <span class='ocrx_word' id='word_1_38' title='bbox 144 971 219 1035; x_wconf 85' lang='lat' dir='ltr'>rege</span> <span class='ocrx_word' id='word_1_39' title='bbox 240 950 393 1036; x_wconf 90' lang='lat' dir='ltr'>postulat,</span> <span class='ocrx_word' id='word_1_40' title='bbox 422 973 460 1017; x_wconf 88' lang='lat' dir='ltr'>eo</span> <span class='ocrx_word' id='word_1_41' title='bbox 504 952 569 1016; x_wconf 91' lang='lat' dir='ltr'>uod</span> <span class='ocrx_word' id='word_1_42' title='bbox 590 953 699 1038; x_wconf 89' lang='lat' dir='ltr'>copias</span> <span class='ocrx_word' id='word_1_43' title='bbox 719 951 855 1017; x_wconf 91' lang='lat' dir='ltr'>militum</span> <span class='ocrx_word' id='word_1_44' title='bbox 877 952 1084 1038; x_wconf 82' lang='lat' dir='ltr'><strong>ciborumque</strong></span> <span class='ocrx_word' id='word_1_45' title='bbox 1106 952 1191 1017; x_wconf 86' lang='lat' dir='ltr'>suffi-</span> 
     </span>
     <span class='ocr_line' id='line_1_7' title="bbox 88 1033 1191 1120; baseline 0.005 -24"><span class='ocrx_word' id='word_1_46' title='bbox 88 1034 199 1098; x_wconf 82' lang='lat' dir='ltr'>cientes</span> <span class='ocrx_word' id='word_1_47' title='bbox 220 1055 285 1098; x_wconf 90' lang='lat' dir='ltr'>non</span> <span class='ocrx_word' id='word_1_48' title='bbox 306 1033 446 1100; x_wconf 88' lang='lat' dir='ltr'>haberet.</span> <span class='ocrx_word' id='word_1_49' title='bbox 520 1058 562 1100; x_wconf 93' lang='lat' dir='ltr'>uo</span> <span class='ocrx_word' id='word_1_50' title='bbox 581 1036 622 1101; x_wconf 95' lang='lat' dir='ltr'>ab</span> <span class='ocrx_word' id='word_1_51' title='bbox 637 1057 712 1120; x_wconf 89' lang='lat' dir='ltr'>rege</span> <span class='ocrx_word' id='word_1_52' title='bbox 727 1035 865 1116; x_wconf 88' lang='lat' dir='ltr'>obtento,</span> <span class='ocrx_word' id='word_1_53' title='bbox 887 1057 959 1099; x_wconf 90' lang='lat' dir='ltr'>oum</span> <span class='ocrx_word' id='word_1_54' title='bbox 975 1037 1040 1100; x_wconf 89' lang='lat' dir='ltr'>suis</span> <span class='ocrx_word' id='word_1_55' title='bbox 1056 1035 1097 1101; x_wconf 91' lang='lat' dir='ltr'>ab</span> <span class='ocrx_word' id='word_1_56' title='bbox 1112 1033 1191 1102; x_wconf 89' lang='lat' dir='ltr'>urbe</span> 
     </span>
     <span class='ocr_line' id='line_1_8' title="bbox 88 1117 1191 1208; baseline 0.002 -26"><span class='ocrx_word' id='word_1_57' title='bbox 88 1119 194 1201; x_wconf 78' lang='lat' dir='ltr'>exivit5</span> <span class='ocrx_word' id='word_1_58' title='bbox 222 1139 356 1183; x_wconf 88' lang='lat' dir='ltr'>uxorem</span> <span class='ocrx_word' id='word_1_59' title='bbox 382 1120 416 1183; x_wconf 91' lang='lat' dir='ltr'>in</span> <span class='ocrx_word' id='word_1_60' title='bbox 442 1142 516 1185; x_wconf 87' lang='lat' dir='ltr'>arce</span> <span class='ocrx_word' id='word_1_61' title='bbox 542 1141 638 1208; x_wconf 89' lang='lat' dir='ltr'>quam</span> <span class='ocrx_word' id='word_1_62' title='bbox 667 1129 869 1184; x_wconf 79' lang='lat' dir='ltr'><strong>exstruxerat</strong></span> <span class='ocrx_word' id='word_1_63' title='bbox 897 1117 1088 1206; x_wconf 87' lang='lat' dir='ltr'>relinquens,</span> <span class='ocrx_word' id='word_1_64' title='bbox 1117 1142 1191 1184; x_wconf 93' lang='lat' dir='ltr'>cum</span> 
     </span>
     <span class='ocr_line' id='line_1_9' title="bbox 88 1201 1190 1303; baseline 0.004 -39"><span class='ocrx_word' id='word_1_65' title='bbox 88 1201 182 1266; x_wconf 88' lang='lat' dir='ltr'>coiis</span> <span class='ocrx_word' id='word_1_66' title='bbox 214 1224 284 1268; x_wconf 90' lang='lat' dir='ltr'>sese</span> <span class='ocrx_word' id='word_1_67' title='bbox 316 1202 547 1268; x_wconf 86' lang='lat' dir='ltr'>subventurum</span> <span class='ocrx_word' id='word_1_68' title='bbox 578 1206 612 1268; x_wconf 89' lang='lat' dir='ltr'>in</span> <span class='ocrx_word' id='word_1_69' title='bbox 636 1204 787 1303; x_wconf 87' lang='lat' dir='ltr'>proximo</span> <span class='ocrx_word' id='word_1_70' title='bbox 815 1214 911 1268; x_wconf 90' lang='lat' dir='ltr'>ratus.</span> <span class='ocrx_word' id='word_1_71' title='bbox 953 1201 1025 1269; x_wconf 87' lang='lat' dir='ltr'>Rex</span> <span class='ocrx_word' id='word_1_72' title='bbox 1055 1225 1190 1268; x_wconf 89' lang='lat' dir='ltr'>vacuam</span> 
     </span>
     <span class='ocr_line' id='line_1_10' title="bbox 87 1225 1191 1386; baseline 0.003 -37"><span class='ocrx_word' id='word_1_73' title='bbox 87 1225 191 1351; x_wconf 72' lang='lat' dir='ltr'>urlem</span> <span class='ocrx_word' id='word_1_74' title='bbox 212 1288 374 1386; x_wconf 77' lang='lat' dir='ltr'>ingressus</span> <span class='ocrx_word' id='word_1_75' title='bbox 396 1285 549 1375; x_wconf 91' lang='lat' dir='ltr'>dolosque</span> <span class='ocrx_word' id='word_1_76' title='bbox 570 1299 697 1376; x_wconf 86' lang='lat' dir='ltr'>pemtus</span> <span class='ocrx_word' id='word_1_77' title='bbox 718 1287 895 1369; x_wconf 89' lang='lat' dir='ltr'>advertens,</span> <span class='ocrx_word' id='word_1_78' title='bbox 917 1310 1022 1352; x_wconf 88' lang='lat' dir='ltr'>arcem</span> <span class='ocrx_word' id='word_1_79' title='bbox 1042 1287 1191 1353; x_wconf 89' lang='lat' dir='ltr'>diuturna</span> 
     </span>
    </p>
   </div>
   <div class='ocr_carea' id='block_1_3' title="bbox 87 1371 1188 1520">
    <p class='ocr_par' dir='ltr' id='par_1_3' title="bbox 87 1371 1188 1520">
     <span class='ocr_line' id='line_1_11' title="bbox 87 1371 1188 1520; baseline 0.003 -87"><span class='ocrx_word' id='word_1_80' title='bbox 87 1391 144 1456; x_wconf 85' lang='lat' dir='ltr'>exp</span> <span class='ocrx_word' id='word_1_81' title='bbox 211 1380 317 1436; x_wconf 77' lang='lat' dir='ltr'>atione</span> <span class='ocrx_word' id='word_1_82' title='bbox 338 1381 436 1436; x_wconf 86' lang='lat' dir='ltr'>vexat</span> <span class='ocrx_word' id='word_1_83' title='bbox 456 1393 591 1458; x_wconf 87' lang='lat' dir='ltr'>eamque</span> <span class='ocrx_word' id='word_1_84' title='bbox 621 1372 865 1520; x_wconf 55' lang='lat' dir='ltr'>circumquarpue</span> <span class='ocrx_word' id='word_1_85' title='bbox 888 1371 1041 1436; x_wconf 85' lang='lat' dir='ltr'>vallatae</span> <span class='ocrx_word' id='word_1_86' title='bbox 1063 1393 1188 1436; x_wconf 90' lang='lat' dir='ltr'>omnem</span> 
     </span>
    </p>
   </div>
   <div class='ocr_carea' id='block_1_4' title="bbox 88 1453 1190 2027">
    <p class='ocr_par' dir='ltr' id='par_1_4' title="bbox 88 1453 1190 1872">
     <span class='ocr_line' id='line_1_12' title="bbox 139 1453 1189 1542; baseline 0.002 -24"><span class='ocrx_word' id='word_1_87' title='bbox 139 1477 155 1518; x_wconf 89' lang='lat' dir='ltr'>e</span> <span class='ocrx_word' id='word_1_88' title='bbox 180 1453 265 1519; x_wconf 89' lang='lat' dir='ltr'>&#39;endi</span> <span class='ocrx_word' id='word_1_89' title='bbox 297 1453 419 1520; x_wconf 89' lang='lat' dir='ltr'>aditum</span> <span class='ocrx_word' id='word_1_90' title='bbox 453 1454 610 1538; x_wconf 86' lang='lat' dir='ltr'>obcludit;</span> <span class='ocrx_word' id='word_1_91' title='bbox 642 1477 784 1541; x_wconf 84' lang='lat' dir='ltr'>pugnam</span> <span class='ocrx_word' id='word_1_92' title='bbox 835 1456 937 1520; x_wconf 86' lang='lat' dir='ltr'>iutina</span> <span class='ocrx_word' id='word_1_93' title='bbox 964 1457 1189 1542; x_wconf 79' lang='lat' dir='ltr'>congressione</span> 
     </span>
     <span class='ocr_line' id='line_1_13' title="bbox 88 1538 1189 1640; baseline 0.003 -39"><span class='ocrx_word' id='word_1_94' title='bbox 88 1558 104 1600; x_wconf 86' lang='lat' dir='ltr'>a</span> <span class='ocrx_word' id='word_1_95' title='bbox 146 1538 244 1603; x_wconf 84' lang='lat' dir='ltr'>bens.</span> <span class='ocrx_word' id='word_1_96' title='bbox 286 1539 331 1603; x_wconf 84' lang='lat' dir='ltr'>At</span> <span class='ocrx_word' id='word_1_97' title='bbox 360 1549 449 1604; x_wconf 88' lang='lat' dir='ltr'>tanto</span> <span class='ocrx_word' id='word_1_98' title='bbox 482 1539 653 1606; x_wconf 74' lang='lat' dir='ltr'>certamine</span> <span class='ocrx_word' id='word_1_99' title='bbox 685 1540 769 1604; x_wconf 87' lang='lat' dir='ltr'>vires</span> <span class='ocrx_word' id='word_1_100' title='bbox 800 1541 1011 1604; x_wconf 89' lang='lat' dir='ltr'>resistentium</span> <span class='ocrx_word' id='word_1_101' title='bbox 1040 1541 1189 1640; x_wconf 78' lang='lat' dir='ltr'>impares,</span> 
     </span>
     <span class='ocr_line' id='line_1_14' title="bbox 88 1621 1189 1710; baseline 0.004 -26"><span class='ocrx_word' id='word_1_102' title='bbox 88 1624 175 1686; x_wconf 88' lang='lat' dir='ltr'>armis</span> <span class='ocrx_word' id='word_1_103' title='bbox 197 1622 360 1708; x_wconf 88' lang='lat' dir='ltr'>depositis,</span> <span class='ocrx_word' id='word_1_104' title='bbox 382 1623 499 1689; x_wconf 90' lang='lat' dir='ltr'>cedunt</span> <span class='ocrx_word' id='word_1_105' title='bbox 519 1645 558 1688; x_wconf 90' lang='lat' dir='ltr'>ac</span> <span class='ocrx_word' id='word_1_106' title='bbox 579 1645 638 1710; x_wconf 91' lang='lat' dir='ltr'>pro</span> <span class='ocrx_word' id='word_1_107' title='bbox 653 1625 721 1688; x_wconf 88' lang='lat' dir='ltr'>vita</span> <span class='ocrx_word' id='word_1_108' title='bbox 735 1621 924 1710; x_wconf 88' lang='lat' dir='ltr'>supplicant.</span> <span class='ocrx_word' id='word_1_109' title='bbox 968 1624 1100 1689; x_wconf 82' lang='lat' dir='ltr'>&#39;Piranm</span> <span class='ocrx_word' id='word_1_110' title='bbox 1112 1646 1189 1690; x_wconf 89' lang='lat' dir='ltr'>vero</span> 
     </span>
     <span class='ocr_line' id='line_1_15' title="bbox 89 1705 1190 1795; baseline 0.005 -27"><span class='ocrx_word' id='word_1_111' title='bbox 89 1725 162 1770; x_wconf 84' lang='lat' dir='ltr'>uxor</span> <span class='ocrx_word' id='word_1_112' title='bbox 190 1705 285 1770; x_wconf 90' lang='lat' dir='ltr'>simul</span> <span class='ocrx_word' id='word_1_113' title='bbox 312 1708 411 1788; x_wconf 87' lang='lat' dir='ltr'>victa,</span> <span class='ocrx_word' id='word_1_114' title='bbox 443 1729 501 1795; x_wconf 92' lang='lat' dir='ltr'>pro</span> <span class='ocrx_word' id='word_1_115' title='bbox 524 1731 558 1774; x_wconf 90' lang='lat' dir='ltr'>se</span> <span class='ocrx_word' id='word_1_116' title='bbox 578 1708 716 1794; x_wconf 86' lang='lat' dir='ltr'>petitura</span> <span class='ocrx_word' id='word_1_117' title='bbox 736 1707 777 1772; x_wconf 91' lang='lat' dir='ltr'>ad</span> <span class='ocrx_word' id='word_1_118' title='bbox 804 1730 912 1794; x_wconf 88' lang='lat' dir='ltr'>regem</span> <span class='ocrx_word' id='word_1_119' title='bbox 936 1730 1009 1772; x_wconf 82' lang='lat' dir='ltr'>cum</span> <span class='ocrx_word' id='word_1_120' title='bbox 1031 1710 1096 1773; x_wconf 90' lang='lat' dir='ltr'>suis</span> <span class='ocrx_word' id='word_1_121' title='bbox 1117 1731 1190 1795; x_wconf 89' lang='lat' dir='ltr'>pro-</span> 
     </span>
     <span class='ocr_line' id='line_1_16' title="bbox 112 1791 1188 1872; baseline 0.005 -19"><span class='ocrx_word' id='word_1_122' title='bbox 112 1801 180 1872; x_wconf 88' lang='lat' dir='ltr'>erat,</span> <span class='ocrx_word' id='word_1_123' title='bbox 208 1811 315 1855; x_wconf 89' lang='lat' dir='ltr'>arcem</span> <span class='ocrx_word' id='word_1_124' title='bbox 340 1791 477 1857; x_wconf 89' lang='lat' dir='ltr'>reddens</span> <span class='ocrx_word' id='word_1_125' title='bbox 505 1815 543 1858; x_wconf 91' lang='lat' dir='ltr'>ac</span> <span class='ocrx_word' id='word_1_126' title='bbox 572 1815 590 1857; x_wconf 90' lang='lat' dir='ltr'>e</span> <span class='ocrx_word' id='word_1_127' title='bbox 629 1792 754 1856; x_wconf 89' lang='lat' dir='ltr'>ediendi</span> <span class='ocrx_word' id='word_1_128' title='bbox 784 1802 906 1857; x_wconf 88' lang='lat' dir='ltr'>tantum</span> <span class='ocrx_word' id='word_1_129' title='bbox 934 1791 1039 1857; x_wconf 92' lang='lat' dir='ltr'>locum</span> <span class='ocrx_word' id='word_1_130' title='bbox 1091 1805 1188 1858; x_wconf 86' lang='lat' dir='ltr'>etens.</span> 
     </span>
    </p>

    <p class='ocr_par' dir='ltr' id='par_1_5' title="bbox 88 1816 1189 2027">
     <span class='ocr_line' id='line_1_17' title="bbox 130 1816 1189 1963; baseline 0.005 -27"><span class='ocrx_word' id='word_1_131' title='bbox 130 1897 151 1936; x_wconf 85' lang='lat' dir='ltr'>x</span> <span class='ocrx_word' id='word_1_132' title='bbox 164 1896 238 1939; x_wconf 90' lang='lat' dir='ltr'>vero</span> <span class='ocrx_word' id='word_1_133' title='bbox 255 1874 406 1940; x_wconf 84' lang='lat' dir='ltr'>feminam</span> <span class='ocrx_word' id='word_1_134' title='bbox 427 1877 563 1942; x_wconf 90' lang='lat' dir='ltr'>retinere</span> <span class='ocrx_word' id='word_1_135' title='bbox 606 1875 770 1962; x_wconf 81' lang='lat' dir='ltr'>edignans,</span> <span class='ocrx_word' id='word_1_136' title='bbox 793 1899 865 1940; x_wconf 90' lang='lat' dir='ltr'>cum</span> <span class='ocrx_word' id='word_1_137' title='bbox 888 1877 953 1942; x_wconf 90' lang='lat' dir='ltr'>suis</span> <span class='ocrx_word' id='word_1_138' title='bbox 975 1816 1099 1962; x_wconf 76' lang='lat' dir='ltr'>digredi</span> <span class='ocrx_word' id='word_1_139' title='bbox 1119 1900 1189 1963; x_wconf 88' lang='lat' dir='ltr'>per-</span> 
     </span>
     <span class='ocr_line' id='line_1_18' title="bbox 88 1958 849 2027; baseline 0.005 -7"><span class='ocrx_word' id='word_1_140' title='bbox 88 1958 166 2022; x_wconf 86' lang='lat' dir='ltr'>misit</span> <span class='ocrx_word' id='word_1_141' title='bbox 186 1980 223 2024; x_wconf 91' lang='lat' dir='ltr'>ac</span> <span class='ocrx_word' id='word_1_142' title='bbox 244 1981 350 2024; x_wconf 89' lang='lat' dir='ltr'>arcem</span> <span class='ocrx_word' id='word_1_143' title='bbox 372 1961 487 2026; x_wconf 85' lang='lat' dir='ltr'>exinde</span> <span class='ocrx_word' id='word_1_144' title='bbox 509 1982 581 2025; x_wconf 85' lang='lat' dir='ltr'>eum</span> <span class='ocrx_word' id='word_1_145' title='bbox 604 1960 681 2026; x_wconf 90' lang='lat' dir='ltr'>urbe</span> <span class='ocrx_word' id='word_1_146' title='bbox 704 1961 849 2027; x_wconf 84' lang='lat' dir='ltr'>obtinuit.</span> 
     </span>
    </p>
   </div>
   <div class='ocr_carea' id='block_1_5' title="bbox 135 2079 1132 2252">
    <p class='ocr_par' dir='ltr' id='par_1_6' title="bbox 135 2079 1132 2252">
     <span class='ocr_line' id='line_1_19' title="bbox 135 2079 1132 2167; baseline 0.002 -25"><span class='ocrx_word' id='word_1_147' title='bbox 135 2079 185 2145; x_wconf 87' lang='grc'>63.</span> <span class='ocrx_word' id='word_1_148' title='bbox 221 2079 423 2145; x_wconf 79' lang='lat' dir='ltr'>Interfectiob</span> <span class='ocrx_word' id='word_1_149' title='bbox 445 2079 603 2146; x_wconf 85' lang='lat' dir='ltr'>Adelelmi</span> <span class='ocrx_word' id='word_1_150' title='bbox 626 2082 771 2146; x_wconf 77' lang='lat' dir='ltr'>comitisl‘</span> <span class='ocrx_word' id='word_1_151' title='bbox 793 2104 812 2144; x_wconf 91' lang='lat' dir='ltr'>a</span> <span class='ocrx_word' id='word_1_152' title='bbox 834 2079 973 2167; x_wconf 91' lang='lat' dir='ltr'>quodam</span> <span class='ocrx_word' id='word_1_153' title='bbox 995 2081 1132 2145; x_wconf 72' lang='lat' dir='ltr'>clerieol’</span> 
     </span>
     <span class='ocr_line' id='line_1_20' title="bbox 211 2164 1055 2252; baseline 0 -24"><span class='ocrx_word' id='word_1_154' title='bbox 211 2165 410 2252; x_wconf 92' lang='lat' dir='ltr'>episcopium</span> <span class='ocrx_word' id='word_1_155' title='bbox 431 2165 667 2230; x_wconf 74' lang='lat' dir='ltr'>Noviomensel’</span> <span class='ocrx_word' id='word_1_156' title='bbox 689 2166 880 2252; x_wconf 57' lang='lat' dir='ltr'>expetenter</span> <span class='ocrx_word' id='word_1_157' title='bbox 902 2164 1055 2229; x_wconf 71' lang='lat' dir='ltr'>seductib.</span> 
     </span>
    </p>
   </div>
   <div class='ocr_carea' id='block_1_6' title="bbox 81 2265 1298 3949">
    <p class='ocr_par' dir='ltr' id='par_1_7' title="bbox 81 2265 1298 3949">
     <span class='ocr_line' id='line_1_21' title="bbox 160 2265 1247 2354; baseline -0.002 -22"><span class='ocrx_word' id='word_1_158' title='bbox 160 2265 228 2332; x_wconf 88' lang='lat' dir='ltr'>Ubi</span> <span class='ocrx_word' id='word_1_159' title='bbox 257 2277 427 2354; x_wconf 90' lang='lat' dir='ltr'>postquam</span> <span class='ocrx_word' id='word_1_160' title='bbox 456 2266 529 2332; x_wconf 91' lang='lat' dir='ltr'>urbi</span> <span class='ocrx_word' id='word_1_161' title='bbox 556 2265 692 2332; x_wconf 91' lang='lat' dir='ltr'>tuendae</span> <span class='ocrx_word' id='word_1_162' title='bbox 720 2268 900 2330; x_wconf 89' lang='lat' dir='ltr'>necessaria</span> <span class='ocrx_word' id='word_1_163' title='bbox 926 2265 1114 2347; x_wconf 76' lang='lat' dir='ltr'>ordinavit*,</span> <span class='ocrx_word' id='word_1_164' title='bbox 1147 2266 1247 2330; x_wconf 69' lang='lat' dir='ltr'>deus·</span> 
     </span>
     <span class='ocr_line' id='line_1_22' title="bbox 85 2347 1186 2436; baseline 0.002 -24"><span class='ocrx_word' id='word_1_165' title='bbox 85 2351 242 2436; x_wconf 89' lang='lat' dir='ltr'>episcopio</span> <span class='ocrx_word' id='word_1_166' title='bbox 265 2351 377 2416; x_wconf 84' lang='lat' dir='ltr'>etiamc</span> <span class='ocrx_word' id='word_1_167' title='bbox 398 2351 605 2416; x_wconf 84' lang='lat' dir='ltr'>Noviomensi</span> <span class='ocrx_word' id='word_1_168' title='bbox 627 2351 678 2415; x_wconf 88' lang='lat' dir='ltr'>cui</span> <span class='ocrx_word' id='word_1_169' title='bbox 700 2361 782 2415; x_wconf 88' lang='lat' dir='ltr'>esset</span> <span class='ocrx_word' id='word_1_170' title='bbox 810 2349 951 2414; x_wconf 91' lang='lat' dir='ltr'>dandum</span> <span class='ocrx_word' id='word_1_171' title='bbox 980 2347 1186 2431; x_wconf 83' lang='lat' dir='ltr'>deliberabat,</span> 
     </span>
     <span class='ocr_line' id='line_1_23' title="bbox 84 2431 1296 2522; baseline 0.002 -28"><span class='ocrx_word' id='word_1_172' title='bbox 84 2454 149 2496; x_wconf 90' lang='lat' dir='ltr'>cum</span> <span class='ocrx_word' id='word_1_173' title='bbox 180 2443 256 2498; x_wconf 90' lang='lat' dir='ltr'>tunc</span> <span class='ocrx_word' id='word_1_174' title='bbox 284 2434 451 2520; x_wconf 87' lang='lat' dir='ltr'>Ayrardus</span> <span class='ocrx_word' id='word_1_175' title='bbox 483 2437 654 2522; x_wconf 89' lang='lat' dir='ltr'>episcopus</span> <span class='ocrx_word' id='word_1_176' title='bbox 687 2433 812 2498; x_wconf 88' lang='lat' dir='ltr'>obisset.</span> <span class='ocrx_word' id='word_1_177' title='bbox 855 2433 963 2498; x_wconf 69' lang='lat' dir='ltr'>Namd</span> <span class='ocrx_word' id='word_1_178' title='bbox 986 2431 1296 2499; x_wconf 72' lang='lat' dir='ltr'>*Walbertus&#39;r-itt·</span> 
     </span>
     <span class='ocr_line' id='line_1_24' title="bbox 84 2514 1187 2604; baseline 0 -24"><span class='ocrx_word' id='word_1_179' title='bbox 84 2514 318 2582; x_wconf 81' lang='lat' dir='ltr'>Corbeiensium</span> <span class='ocrx_word' id='word_1_180' title='bbox 339 2516 439 2584; x_wconf 92' lang='lat' dir='ltr'>abbas</span> <span class='ocrx_word' id='word_1_181' title='bbox 461 2521 490 2584; x_wconf 89' lang='lat' dir='ltr'>ei</span> <span class='ocrx_word' id='word_1_182' title='bbox 512 2518 680 2584; x_wconf 87' lang='lat' dir='ltr'>succedere</span> <span class='ocrx_word' id='word_1_183' title='bbox 701 2518 897 2604; x_wconf 73' lang='lat' dir='ltr'>petebatur²‚</span> <span class='ocrx_word' id='word_1_184' title='bbox 919 2519 969 2582; x_wconf 90' lang='lat' dir='ltr'>vir</span> <span class='ocrx_word' id='word_1_185' title='bbox 990 2526 1134 2582; x_wconf 89' lang='lat' dir='ltr'>strenuus</span> <span class='ocrx_word' id='word_1_186' title='bbox 1150 2538 1187 2582; x_wconf 83' lang='lat' dir='ltr'>ac</span> 
     </span>
     <span class='ocr_line' id='line_1_25' title="bbox 83 2598 1188 2688; baseline 0.003 -25"><span class='ocrx_word' id='word_1_187' title='bbox 83 2598 216 2666; x_wconf 86' lang='lat' dir='ltr'>liberalis</span> <span class='ocrx_word' id='word_1_188' title='bbox 238 2612 270 2667; x_wconf 89' lang='lat' dir='ltr'>et</span> <span class='ocrx_word' id='word_1_189' title='bbox 291 2603 342 2666; x_wconf 90' lang='lat' dir='ltr'>cui</span> <span class='ocrx_word' id='word_1_190' title='bbox 363 2603 458 2668; x_wconf 90' lang='lat' dir='ltr'>totius</span> <span class='ocrx_word' id='word_1_191' title='bbox 479 2602 604 2667; x_wconf 90' lang='lat' dir='ltr'>honesti</span> <span class='ocrx_word' id='word_1_192' title='bbox 629 2603 726 2668; x_wconf 90' lang='lat' dir='ltr'>decus</span> <span class='ocrx_word' id='word_1_193' title='bbox 753 2601 926 2666; x_wconf 83' lang='lat' dir='ltr'>admodum</span> <span class='ocrx_word' id='word_1_194' title='bbox 948 2600 1077 2688; x_wconf 84' lang='lat' dir='ltr'>placuit.</span> <span class='ocrx_word' id='word_1_195' title='bbox 1120 2601 1188 2666; x_wconf 90' lang='lat' dir='ltr'>Nec</span> 
     </span>
     <span class='ocr_line' id='line_1_26' title="bbox 83 2685 1188 2786; baseline 0.002 -38"><span class='ocrx_word' id='word_1_196' title='bbox 83 2686 181 2750; x_wconf 88' lang='lat' dir='ltr'>minus</span> <span class='ocrx_word' id='word_1_197' title='bbox 203 2695 235 2750; x_wconf 90' lang='lat' dir='ltr'>et</span> <span class='ocrx_word' id='word_1_198' title='bbox 255 2686 416 2771; x_wconf 87' lang='lat' dir='ltr'>predictae</span> <span class='ocrx_word' id='word_1_199' title='bbox 437 2687 525 2751; x_wconf 91' lang='lat' dir='ltr'>urbis</span> <span class='ocrx_word' id='word_1_200' title='bbox 548 2686 699 2786; x_wconf 73' lang='lat' dir='ltr'>quidam⁰</span> <span class='ocrx_word' id='word_1_201' title='bbox 722 2685 854 2752; x_wconf 89' lang='lat' dir='ltr'>clericus</span> <span class='ocrx_word' id='word_1_202' title='bbox 876 2685 917 2750; x_wconf 88' lang='lat' dir='ltr'>ab</span> <span class='ocrx_word' id='word_1_203' title='bbox 938 2709 1014 2771; x_wconf 85' lang='lat' dir='ltr'>rege</span> <span class='ocrx_word' id='word_1_204' title='bbox 1036 2707 1105 2750; x_wconf 88' lang='lat' dir='ltr'>sese</span> <span class='ocrx_word' id='word_1_205' title='bbox 1119 2687 1188 2751; x_wconf 91' lang='lat' dir='ltr'>fieri</span> 
     </span>
     <span class='ocr_line' id='line_1_27' title="bbox 83 2769 1188 2857; baseline 0.003 -26"><span class='ocrx_word' id='word_1_206' title='bbox 83 2789 292 2835; x_wconf 85' lang='lat' dir='ltr'>successorem</span> <span class='ocrx_word' id='word_1_207' title='bbox 319 2769 508 2855; x_wconf 87' lang='lat' dir='ltr'>postulabat,</span> <span class='ocrx_word' id='word_1_208' title='bbox 537 2795 586 2835; x_wconf 86' lang='lat' dir='ltr'>vrr</span> <span class='ocrx_word' id='word_1_209' title='bbox 614 2769 779 2852; x_wconf 89' lang='lat' dir='ltr'>barbarus,</span> <span class='ocrx_word' id='word_1_210' title='bbox 811 2791 908 2834; x_wconf 92' lang='lat' dir='ltr'>manu</span> <span class='ocrx_word' id='word_1_211' title='bbox 936 2781 1031 2857; x_wconf 90' lang='lat' dir='ltr'>atque</span> <span class='ocrx_word' id='word_1_212' title='bbox 1059 2770 1188 2834; x_wconf 90' lang='lat' dir='ltr'>audatia</span> 
     </span>
     <span class='ocr_line' id='line_1_28' title="bbox 82 2853 1189 2936; baseline 0.002 -20"><span class='ocrx_word' id='word_1_213' title='bbox 82 2853 203 2936; x_wconf 91' lang='lat' dir='ltr'>nimius,</span> <span class='ocrx_word' id='word_1_214' title='bbox 234 2863 265 2918; x_wconf 91' lang='lat' dir='ltr'>et</span> <span class='ocrx_word' id='word_1_215' title='bbox 286 2855 336 2918; x_wconf 91' lang='lat' dir='ltr'>cui</span> <span class='ocrx_word' id='word_1_216' title='bbox 358 2855 485 2920; x_wconf 89' lang='lat' dir='ltr'>solitum</span> <span class='ocrx_word' id='word_1_217' title='bbox 507 2865 574 2920; x_wconf 89' lang='lat' dir='ltr'>erat</span> <span class='ocrx_word' id='word_1_218' title='bbox 594 2876 701 2918; x_wconf 90' lang='lat' dir='ltr'>rerum</span> <span class='ocrx_word' id='word_1_219' title='bbox 722 2853 897 2919; x_wconf 89' lang='lat' dir='ltr'>alienarum</span> <span class='ocrx_word' id='word_1_220' title='bbox 919 2877 1007 2919; x_wconf 89' lang='lat' dir='ltr'>surre</span> <span class='ocrx_word' id='word_1_221' title='bbox 1031 2853 1189 2919; x_wconf 77' lang='lat' dir='ltr'>tionibusr</span> 
     </span>
     <span class='ocr_line' id='line_1_29' title="bbox 82 2876 1298 3025; baseline -0.004 -25"><span class='ocrx_word' id='word_1_222' title='bbox 82 2934 197 3005; x_wconf 79' lang='lat' dir='ltr'>laetari</span> <span class='ocrx_word' id='word_1_223' title='bbox 242 2938 323 3003; x_wconf 85' lang='lat' dir='ltr'>*Hic</span> <span class='ocrx_word' id='word_1_224' title='bbox 343 2937 384 3003; x_wconf 89' lang='lat' dir='ltr'>ab</span> <span class='ocrx_word' id='word_1_225' title='bbox 404 2961 480 3025; x_wconf 86' lang='lat' dir='ltr'>rege</span> <span class='ocrx_word' id='word_1_226' title='bbox 502 2937 689 3024; x_wconf 89' lang='lat' dir='ltr'>civibusque</span> <span class='ocrx_word' id='word_1_227' title='bbox 708 2938 861 3020; x_wconf 90' lang='lat' dir='ltr'>abiectus,</span> <span class='ocrx_word' id='word_1_228' title='bbox 885 2961 940 3004; x_wconf 92' lang='lat' dir='ltr'>cor</span> <span class='ocrx_word' id='word_1_229' title='bbox 953 2939 994 3004; x_wconf 88' lang='lat' dir='ltr'>ad</span> <span class='ocrx_word' id='word_1_230' title='bbox 1009 2876 1098 3003; x_wconf 77' lang='lat' dir='ltr'>dolos</span> <span class='ocrx_word' id='word_1_231' title='bbox 1114 2956 1235 3002; x_wconf 84' lang='lat' dir='ltr'>con-ror.</span> <span class='ocrx_word' id='word_1_232' title='bbox 1253 2956 1298 3013; x_wconf 70' lang='lat' dir='ltr'>w,</span> 
     </span>
     <span class='ocr_line' id='line_1_30' title="bbox 82 3020 1186 3110; baseline 0.003 -27"><span class='ocrx_word' id='word_1_233' title='bbox 82 3023 179 3086; x_wconf 85' lang='lat' dir='ltr'>vertit.</span> <span class='ocrx_word' id='word_1_234' title='bbox 222 3020 422 3088; x_wconf 85' lang='lat' dir='ltr'>Adelelmum</span> <span class='ocrx_word' id='word_1_235' title='bbox 454 3025 562 3110; x_wconf 84' lang='lat' dir='ltr'>itaque</span> <span class='ocrx_word' id='word_1_236' title='bbox 594 3023 873 3088; x_wconf 79' lang='lat' dir='ltr'>Atrebatensium⁰</span> <span class='ocrx_word' id='word_1_237' title='bbox 905 3023 1062 3105; x_wconf 86' lang='lat' dir='ltr'>comitem,</span> <span class='ocrx_word' id='word_1_238' title='bbox 1095 3023 1186 3086; x_wconf 89' lang='lat' dir='ltr'>cuius</span> 
     </span>
     <span class='ocr_line' id='line_1_31' title="bbox 83 3105 1186 3193; baseline 0.003 -26"><span class='ocrx_word' id='word_1_239' title='bbox 83 3125 169 3170; x_wconf 87' lang='lat' dir='ltr'>casus</span> <span class='ocrx_word' id='word_1_240' title='bbox 184 3127 341 3171; x_wconf 87' lang='lat' dir='ltr'>merorem</span> <span class='ocrx_word' id='word_1_241' title='bbox 356 3106 463 3172; x_wconf 88' lang='lat' dir='ltr'>multis</span> <span class='ocrx_word' id='word_1_242' title='bbox 478 3108 619 3190; x_wconf 84' lang='lat' dir='ltr'>incussit,</span> <span class='ocrx_word' id='word_1_243' title='bbox 637 3106 821 3172; x_wconf 86' lang='lat' dir='ltr'>seducturus</span> <span class='ocrx_word' id='word_1_244' title='bbox 837 3109 925 3193; x_wconf 91' lang='lat' dir='ltr'>petit,</span> <span class='ocrx_word' id='word_1_245' title='bbox 948 3107 1016 3172; x_wconf 92' lang='lat' dir='ltr'>eius</span> <span class='ocrx_word' id='word_1_246' title='bbox 1030 3105 1186 3170; x_wconf 86' lang='lat' dir='ltr'>auxilium</span> 
     </span>
     <span class='ocr_line' id='line_1_32' title="bbox 83 3189 1186 3278; baseline 0.002 -28"><span class='ocrx_word' id='word_1_247' title='bbox 83 3189 265 3275; x_wconf 86' lang='lat' dir='ltr'>suppliciter</span> <span class='ocrx_word' id='word_1_248' title='bbox 292 3201 402 3277; x_wconf 89' lang='lat' dir='ltr'>petens</span> <span class='ocrx_word' id='word_1_249' title='bbox 429 3203 490 3256; x_wconf 68' lang='lat' dir='ltr'>act</span> <span class='ocrx_word' id='word_1_250' title='bbox 519 3213 610 3256; x_wconf 88' lang='lat' dir='ltr'>suum</span> <span class='ocrx_word' id='word_1_251' title='bbox 646 3189 812 3278; x_wconf 82' lang='lat' dir='ltr'>pollicens3</span> <span class='ocrx_word' id='word_1_252' title='bbox 844 3213 913 3256; x_wconf 89' lang='lat' dir='ltr'>sese</span> <span class='ocrx_word' id='word_1_253' title='bbox 941 3189 982 3254; x_wconf 93' lang='lat' dir='ltr'>ab</span> <span class='ocrx_word' id='word_1_254' title='bbox 1011 3212 1086 3276; x_wconf 86' lang='lat' dir='ltr'>rege</span> <span class='ocrx_word' id='word_1_255' title='bbox 1115 3211 1186 3254; x_wconf 91' lang='lat' dir='ltr'>con-</span> 
     </span>
     <span class='ocr_line' id='line_1_33' title="bbox 82 3273 1186 3361; baseline 0 -25"><span class='ocrx_word' id='word_1_256' title='bbox 82 3281 231 3360; x_wconf 89' lang='lat' dir='ltr'>temptum</span> <span class='ocrx_word' id='word_1_257' title='bbox 253 3277 379 3360; x_wconf 89' lang='lat' dir='ltr'>penitus</span> <span class='ocrx_word' id='word_1_258' title='bbox 397 3277 614 3360; x_wconf 89' lang='lat' dir='ltr'>supprimens:</span> <span class='ocrx_word' id='word_1_259' title='bbox 637 3273 701 3356; x_wconf 53' lang='lat' dir='ltr'>‘Sit</span> <span class='ocrx_word' id='word_1_260' title='bbox 723 3277 836 3361; x_wconf 92' lang='lat' dir='ltr'>inquit,</span> <span class='ocrx_word' id='word_1_261' title='bbox 857 3281 925 3359; x_wconf 84' lang='lat' dir='ltr'>‘per</span> <span class='ocrx_word' id='word_1_262' title='bbox 939 3286 970 3338; x_wconf 88' lang='lat' dir='ltr'>te</span> <span class='ocrx_word' id='word_1_263' title='bbox 985 3275 1186 3359; x_wconf 83' lang='lat' dir='ltr'>episcopatus</span> 
     </span>
     <span class='ocr_line' id='line_1_34' title="bbox 82 3355 1185 3445; baseline -0.001 -25"><span class='ocrx_word' id='word_1_264' title='bbox 82 3355 231 3442; x_wconf 87' lang='lat' dir='ltr'>dignitate</span> <span class='ocrx_word' id='word_1_265' title='bbox 260 3359 372 3444; x_wconf 89' lang='lat' dir='ltr'>potiar,</span> <span class='ocrx_word' id='word_1_266' title='bbox 398 3381 456 3445; x_wconf 89' lang='lat' dir='ltr'>per</span> <span class='ocrx_word' id='word_1_267' title='bbox 477 3381 528 3423; x_wconf 94' lang='lat' dir='ltr'>me</span> <span class='ocrx_word' id='word_1_268' title='bbox 549 3359 722 3424; x_wconf 87' lang='lat' dir='ltr'>efficaciter</span> <span class='ocrx_word' id='word_1_269' title='bbox 744 3361 911 3423; x_wconf 81' lang='lat' dir='ltr'>comitatus</span> <span class='ocrx_word' id='word_1_270' title='bbox 931 3357 1084 3421; x_wconf 89' lang='lat' dir='ltr'>honorem</span> <span class='ocrx_word' id='word_1_271' title='bbox 1113 3377 1185 3420; x_wconf 91' lang='lat' dir='ltr'>con-</span> 
     </span>
     <span class='ocr_line' id='line_1_35' title="bbox 83 3439 1186 3528; baseline 0.002 -26"><span class='ocrx_word' id='word_1_272' title='bbox 83 3443 227 3528; x_wconf 87' lang='lat' dir='ltr'>sequeris.</span> <span class='ocrx_word' id='word_1_273' title='bbox 272 3443 365 3523; x_wconf 78' lang='lat' dir='ltr'>Quod</span> <span class='ocrx_word' id='word_1_274' title='bbox 387 3446 482 3508; x_wconf 90' lang='lat' dir='ltr'>etiam</span> <span class='ocrx_word' id='word_1_275' title='bbox 505 3445 550 3508; x_wconf 86' lang='lat' dir='ltr'>sic</span> <span class='ocrx_word' id='word_1_276' title='bbox 572 3443 641 3508; x_wconf 90' lang='lat' dir='ltr'>fieri</span> <span class='ocrx_word' id='word_1_277' title='bbox 668 3441 800 3523; x_wconf 84' lang='lat' dir='ltr'>valebit,</span> <span class='ocrx_word' id='word_1_278' title='bbox 834 3443 862 3506; x_wconf 91' lang='lat' dir='ltr'>si</span> <span class='ocrx_word' id='word_1_279' title='bbox 894 3452 1067 3506; x_wconf 90' lang='lat' dir='ltr'>nocturnus</span> <span class='ocrx_word' id='word_1_280' title='bbox 1099 3439 1186 3504; x_wconf 92' lang='lat' dir='ltr'>urbis</span> 
     </span>
     <span class='ocr_line' id='line_1_36' title="bbox 82 3522 1185 3613; baseline 0.002 -27"><span class='ocrx_word' id='word_1_281' title='bbox 82 3543 185 3590; x_wconf 91' lang='lat' dir='ltr'>muros</span> <span class='ocrx_word' id='word_1_282' title='bbox 200 3525 395 3592; x_wconf 89' lang='lat' dir='ltr'>conscendas</span> <span class='ocrx_word' id='word_1_283' title='bbox 409 3537 449 3609; x_wconf 91' lang='lat' dir='ltr'>et,</span> <span class='ocrx_word' id='word_1_284' title='bbox 471 3549 523 3592; x_wconf 90' lang='lat' dir='ltr'>me</span> <span class='ocrx_word' id='word_1_285' title='bbox 537 3528 669 3593; x_wconf 87' lang='lat' dir='ltr'>interius</span> <span class='ocrx_word' id='word_1_286' title='bbox 683 3535 884 3613; x_wconf 88' lang='lat' dir='ltr'>procurante,</span> <span class='ocrx_word' id='word_1_287' title='bbox 905 3535 976 3590; x_wconf 89' lang='lat' dir='ltr'>tuos</span> <span class='ocrx_word' id='word_1_288' title='bbox 994 3522 1185 3589; x_wconf 88' lang='lat' dir='ltr'>introducas.</span> 
     </span>
     <span class='ocr_line' id='line_1_37' title="bbox 82 3605 1187 3698; baseline 0.002 -28"><span class='ocrx_word' id='word_1_289' title='bbox 82 3605 147 3694; x_wconf 83' lang='lat' dir='ltr'>Ego</span> <span class='ocrx_word' id='word_1_290' title='bbox 170 3610 266 3674; x_wconf 92' lang='lat' dir='ltr'>etiam</span> <span class='ocrx_word' id='word_1_291' title='bbox 289 3609 527 3698; x_wconf 90' lang='lat' dir='ltr'>cumpluribus</span> <span class='ocrx_word' id='word_1_292' title='bbox 550 3611 656 3676; x_wconf 89' lang='lat' dir='ltr'>adero.</span> <span class='ocrx_word' id='word_1_293' title='bbox 700 3609 895 3698; x_wconf 75' lang='lat' dir='ltr'>Collectique</span> <span class='ocrx_word' id='word_1_294' title='bbox 924 3611 957 3673; x_wconf 93' lang='lat' dir='ltr'>in</span> <span class='ocrx_word' id='word_1_295' title='bbox 985 3609 1112 3694; x_wconf 88' lang='lat' dir='ltr'>agmine</span> <span class='ocrx_word' id='word_1_296' title='bbox 1137 3631 1187 3672; x_wconf 92' lang='lat' dir='ltr'>ur-</span> 
     </span>
     <span class='ocr_line' id='line_1_38' title="bbox 81 3687 1188 3782; baseline 0.002 -28"><span class='ocrx_word' id='word_1_297' title='bbox 81 3687 150 3756; x_wconf 90' lang='lat' dir='ltr'>bem</span> <span class='ocrx_word' id='word_1_298' title='bbox 201 3693 398 3760; x_wconf 84' lang='lat' dir='ltr'>ervademus.</span> <span class='ocrx_word' id='word_1_299' title='bbox 440 3694 553 3782; x_wconf 85' lang='lat' dir='ltr'>Itaque</span> <span class='ocrx_word' id='word_1_300' title='bbox 586 3695 649 3777; x_wconf 89' lang='lat' dir='ltr'>fiet,</span> <span class='ocrx_word' id='word_1_301' title='bbox 682 3703 717 3758; x_wconf 91' lang='lat' dir='ltr'>ut</span> <span class='ocrx_word' id='word_1_302' title='bbox 746 3697 831 3760; x_wconf 87' lang='lat' dir='ltr'>cives</span> <span class='ocrx_word' id='word_1_303' title='bbox 860 3705 916 3760; x_wconf 91' lang='lat' dir='ltr'>aut</span> <span class='ocrx_word' id='word_1_304' title='bbox 941 3695 1105 3780; x_wconf 89' lang='lat' dir='ltr'>capiemus</span> <span class='ocrx_word' id='word_1_305' title='bbox 1132 3701 1188 3757; x_wconf 88' lang='lat' dir='ltr'>aut</span> 
     </span>
     <span class='ocr_line' id='line_1_39' title="bbox 81 3777 1186 3862; baseline 0.002 -23"><span class='ocrx_word' id='word_1_306' title='bbox 81 3795 158 3862; x_wconf 89' lang='lat' dir='ltr'>prop</span> <span class='ocrx_word' id='word_1_307' title='bbox 209 3781 316 3842; x_wconf 87' lang='lat' dir='ltr'>emus&#39;.</span> <span class='ocrx_word' id='word_1_308' title='bbox 360 3779 485 3844; x_wconf 90' lang='lat' dir='ltr'>Horum</span> <span class='ocrx_word' id='word_1_309' title='bbox 508 3778 691 3844; x_wconf 90' lang='lat' dir='ltr'>Adelelmus</span> <span class='ocrx_word' id='word_1_310' title='bbox 719 3777 874 3860; x_wconf 89' lang='lat' dir='ltr'>credulus,</span> <span class='ocrx_word' id='word_1_311' title='bbox 904 3778 997 3844; x_wconf 87' lang='lat' dir='ltr'>dictis</span> <span class='ocrx_word' id='word_1_312' title='bbox 1026 3777 1186 3843; x_wconf 87' lang='lat' dir='ltr'>suadentis</span> 
     </span>
     <span class='ocr_line' id='line_1_40' title="bbox 81 3860 1186 3949; baseline 0.002 -27"><span class='ocrx_word' id='word_1_313' title='bbox 81 3860 170 3926; x_wconf 85' lang='lat' dir='ltr'>iavet.</span> <span class='ocrx_word' id='word_1_314' title='bbox 216 3861 326 3926; x_wconf 85' lang='lat' dir='ltr'>Scelus</span> <span class='ocrx_word' id='word_1_315' title='bbox 359 3885 435 3949; x_wconf 88' lang='lat' dir='ltr'>ergo</span> <span class='ocrx_word' id='word_1_316' title='bbox 468 3871 722 3948; x_wconf 85' lang='lat' dir='ltr'>attemptaturus,</span> <span class='ocrx_word' id='word_1_317' title='bbox 757 3863 870 3928; x_wconf 86' lang='lat' dir='ltr'>urbem</span> <span class='ocrx_word' id='word_1_318' title='bbox 905 3872 1077 3928; x_wconf 89' lang='lat' dir='ltr'>nocturnus</span> <span class='ocrx_word' id='word_1_319' title='bbox 1113 3883 1186 3926; x_wconf 92' lang='lat' dir='ltr'>oum</span> 
     </span>
    </p>
   </div>
   <div class='ocr_carea' id='block_1_7' title="bbox 149 4023 1187 4239">
    <p class='ocr_par' dir='ltr' id='par_1_8' title="bbox 149 4023 1187 4239">
     <span class='ocr_line' id='line_1_41' title="bbox 149 4023 1187 4093; baseline -0.004 -15"><span class='ocrx_word' id='word_1_320' title='bbox 149 4023 173 4093; x_wconf 73' lang='lat'>⁸)</span> <span class='ocrx_word' id='word_1_321' title='bbox 192 4025 246 4078; x_wconf 89' lang='lat' dir='ltr'>Ubi</span> <span class='ocrx_word' id='word_1_322' title='bbox 267 4041 326 4077; x_wconf 88' lang='lat' dir='ltr'>cum</span> <span class='ocrx_word' id='word_1_323' title='bbox 344 4041 392 4076; x_wconf 83' lang='lat' dir='ltr'>rex</span> <span class='ocrx_word' id='word_1_324' title='bbox 410 4027 470 4077; x_wconf 89' lang='lat' dir='ltr'>urbi</span> <span class='ocrx_word' id='word_1_325' title='bbox 488 4025 605 4078; x_wconf 87' lang='lat' dir='ltr'>tuendas</span> <span class='ocrx_word' id='word_1_326' title='bbox 625 4027 777 4077; x_wconf 83' lang='lat' dir='ltr'>necessaris</span> <span class='ocrx_word' id='word_1_327' title='bbox 802 4027 936 4078; x_wconf 84' lang='lat' dir='ltr'>ordinaret</span> <span class='ocrx_word' id='word_1_328' title='bbox 961 4041 993 4076; x_wconf 86' lang='lat' dir='ltr'>ue</span> <span class='ocrx_word' id='word_1_329' title='bbox 1019 4026 1046 4075; x_wconf 91' lang='lat' dir='ltr'>in</span> <span class='ocrx_word' id='word_1_330' title='bbox 1072 4025 1187 4091; x_wconf 88' lang='lat' dir='ltr'>predicti</span> 
     </span>
     <span class='ocr_line' id='line_1_42' title="bbox 194 4096 1185 4166; baseline -0.004 -16"><span class='ocrx_word' id='word_1_331' title='bbox 194 4099 293 4150; x_wconf 85' lang='lat' dir='ltr'>tiranni</span> <span class='ocrx_word' id='word_1_332' title='bbox 311 4099 400 4150; x_wconf 89' lang='lat' dir='ltr'>labem</span> <span class='ocrx_word' id='word_1_333' title='bbox 419 4099 473 4150; x_wconf 85' lang='lat' dir='ltr'>alis</span> <span class='ocrx_word' id='word_1_334' title='bbox 493 4100 563 4166; x_wconf 80' lang='lat' dir='ltr'>(post</span> <span class='ocrx_word' id='word_1_335' title='bbox 576 4099 653 4164; x_wconf 84' lang='lat' dir='ltr'>add.)</span> <span class='ocrx_word' id='word_1_336' title='bbox 674 4098 745 4166; x_wconf 86' lang='lat' dir='ltr'>apud</span> <span class='ocrx_word' id='word_1_337' title='bbox 766 4099 908 4166; x_wconf 77' lang='lat' dir='ltr'>Hugonem</span> <span class='ocrx_word' id='word_1_338' title='bbox 929 4099 1081 4165; x_wconf 85' lang='lat' dir='ltr'>disponeret</span> <span class='ocrx_word' id='word_1_339' title='bbox 1099 4113 1132 4147; x_wconf 88' lang='lat' dir='ltr'>ac</span> <span class='ocrx_word' id='word_1_340' title='bbox 1152 4096 1185 4146; x_wconf 89' lang='lat' dir='ltr'>de</span> 
     </span>
     <span class='ocr_line' id='line_1_43' title="bbox 194 4172 583 4239; baseline 0 -15"><span class='ocrx_word' id='word_1_341' title='bbox 194 4188 237 4239; x_wconf 86' lang='lat' dir='ltr'>ep.</span> <span class='ocrx_word' id='word_1_342' title='bbox 257 4199 290 4210; x_wconf 85' lang='lat'><em>-</em></span> <span class='ocrx_word' id='word_1_343' title='bbox 313 4172 473 4224; x_wconf 72' lang='lat' dir='ltr'>deliberaret</span> <span class='ocrx_word' id='word_1_344' title='bbox 492 4181 538 4224; x_wconf 84' lang='lat' dir='ltr'>etc.</span> <span class='ocrx_word' id='word_1_345' title='bbox 559 4173 583 4224; x_wconf 89' lang='lat'>1.</span> 
     </span>
    </p>
   </div>
   <div class='ocr_carea' id='block_1_8' title="bbox 82 4315 1186 4476">
    <p class='ocr_par' dir='ltr' id='par_1_9' title="bbox 82 4315 1186 4476">
     <span class='ocr_line' id='line_1_44' title="bbox 136 4315 1186 4370; baseline -0.009 -13"><span class='ocrx_word' id='word_1_346' title='bbox 136 4315 157 4368; x_wconf 82' lang='lat' dir='ltr'>a)</span> <span class='ocrx_word' id='word_1_347' title='bbox 174 4329 193 4361; x_wconf 84' lang='lat' dir='ltr'>c.</span> <span class='ocrx_word' id='word_1_348' title='bbox 216 4318 387 4360; x_wconf 77' lang='lat' dir='ltr'>rationabiliter</span> <span class='ocrx_word' id='word_1_349' title='bbox 409 4319 526 4358; x_wconf 81' lang='lat' dir='ltr'>convictus</span> <span class='ocrx_word' id='word_1_350' title='bbox 543 4320 562 4360; x_wconf 89' lang='lat'>1.</span> <span class='ocrx_word' id='word_1_351' title='bbox 627 4316 651 4369; x_wconf 89' lang='lat' dir='ltr'>b)</span> <span class='ocrx_word' id='word_1_352' title='bbox 668 4318 721 4368; x_wconf 82' lang='lat' dir='ltr'>ctio,</span> <span class='ocrx_word' id='word_1_353' title='bbox 744 4317 811 4370; x_wconf 83' lang='lat' dir='ltr'>nomi,</span> <span class='ocrx_word' id='word_1_354' title='bbox 834 4316 898 4367; x_wconf 79' lang='lat' dir='ltr'>cieri,</span> <span class='ocrx_word' id='word_1_355' title='bbox 922 4317 969 4368; x_wconf 80' lang='lat' dir='ltr'>vio,</span> <span class='ocrx_word' id='word_1_356' title='bbox 988 4319 1065 4367; x_wconf 81' lang='lat' dir='ltr'>poten,</span> <span class='ocrx_word' id='word_1_357' title='bbox 1086 4315 1104 4356; x_wconf 85' lang='lat' dir='ltr'>ti</span> <span class='ocrx_word' id='word_1_358' title='bbox 1128 4315 1186 4355; x_wconf 58' lang='lat' dir='ltr'>atae,</span> 
     </span>
     <span class='ocr_line' id='line_1_45' title="bbox 82 4370 1185 4476; baseline -0.026 -34"><span class='ocrx_word' id='word_1_359' title='bbox 82 4370 227 4476; x_wconf 51' lang='lat' dir='ltr'>{liffiffl</span> <span class='ocrx_word' id='word_1_360' title='bbox 304 4375 327 4428; x_wconf 80' lang='lat' dir='ltr'>d)</span> <span class='ocrx_word' id='word_1_361' title='bbox 344 4387 354 4416; x_wconf 76' lang='grc' dir='ltr'><strong><em>ι</em></strong></span> <span class='ocrx_word' id='word_1_362' title='bbox 369 4388 426 4418; x_wconf 74' lang='lat' dir='ltr'>corr.</span> <span class='ocrx_word' id='word_1_363' title='bbox 503 4375 524 4430; x_wconf 82' lang='lat' dir='ltr'>c)</span> <span class='ocrx_word' id='word_1_364' title='bbox 540 4374 693 4430; x_wconf 68' lang='lat' dir='ltr'>reseraturi)</span> <span class='ocrx_word' id='word_1_365' title='bbox 719 4378 739 4418; x_wconf 88' lang='lat'>1.</span> <span class='ocrx_word' id='word_1_366' title='bbox 816 4373 996 4427; x_wconf 75' lang='lat' dir='ltr'>oeurrspuone</span> <span class='ocrx_word' id='word_1_367' title='bbox 1013 4376 1032 4418; x_wconf 89' lang='lat'>1.</span> <span class='ocrx_word' id='word_1_368' title='bbox 1108 4371 1131 4426; x_wconf 69' lang='grc' dir='ltr'>ς)</span> <span class='ocrx_word' id='word_1_369' title='bbox 1147 4375 1185 4414; x_wconf 76' lang='lat'><em>1111</em></span> 
     </span>
    </p>
   </div>
   <div class='ocr_carea' id='block_1_9' title="bbox 0 0 1474 5016">
    <p class='ocr_par' dir='ltr' id='par_1_10' title="bbox 0 0 1474 5016">
     <span class='ocr_line' id='line_1_46' title="bbox 0 0 1474 5016; baseline 0 2"><span class='ocrx_word' id='word_1_370' title='bbox 0 0 1474 5016; x_wconf 95' lang='lat' dir='ltr'> </span> 
     </span>
    </p>
   </div>
  </div>
 </body>
</html>
