2936 5010
323 407 375 456 124
565 403 719 456 RIOHERI
737 404 989 457 msuosiffluu
1006 403 1119 455 LIBER
1136 403 1191 455 111.

261 589 311 634 οδε.
321 573 409 638 cives
431 593 503 636 cum
524 569 668 636 viderent
693 569 820 636 nullae
847 571 912 636 suis
940 572 1137 636 extrinsecus
1164 569 1314 655 suffragia
1338 571 1419 654 mitti,

320 679 381 722 nec
402 656 485 740 iugis
506 653 598 742 prelii
619 654 744 742 pondus
766 677 799 720 se
820 654 954 722 tolerare
982 665 1107 742 posset,
1134 653 1265 720 consilio
1287 655 1361 719 inito
1380 656 1419 717 in-

322 739 474 826 dempnes
496 749 527 805 et
547 740 657 804 intacti
677 737 821 804 hostibus
847 761 981 804 cessere.
1020 737 1143 804 Urbem
1169 739 1374 824 aperuertmtb
1394 749 1420 802 et

321 846 389 888 sese
410 823 561 889 Lothario
582 824 660 888 victi
681 821 870 889 obtulerunt.
914 823 1014 912 (102.)
1058 822 1183 904 Quibus
1205 825 1349 923 peractis,
1370 844 1419 886 rex

320 907 362 972 ad
383 906 496 972 urbem
517 907 667 974 tuendam
688 930 722 972 re
746 908 831 972 inam
846 907 995 971 Emmem
1009 907 1042 970 in
1057 927 1095 971 ea
1108 905 1243 993 reliquit.
1270 907 1342 992 Ipse
1356 928 1419 970 cum

321 993 464 1058 exercitu
477 991 668 1057 Laudunum
689 931 792 1074 rediit,
815 1013 889 1056 suos
910 991 1005 1056 etiam
1027 990 1068 1055 ed
1090 1013 1148 1055 sua
1161 991 1266 1056 redire
1281 991 1419 1075 permisit.
1451 1049 1452 1056 ,

321 1077 442 1142 Tantae
464 1075 698 1142 benivolentiae
719 1075 828 1140 favore
842 1073 930 1161 apud
945 1097 998 1140 eos
1013 1097 1099 1157 usus,
1121 1085 1158 1140 ut
1170 1076 1306 1161 repetito
1320 1074 1419 1138 itinere

322 1183 355 1226 se
383 1159 515 1224 ulterius
543 1161 652 1242 ituros,
674 1160 701 1224 si
722 1159 854 1242 iuberet,
876 1157 1111 1245 pollicerentun
1141 1167 1172 1225 et
1197 1158 1349 1244 neglectis
1368 1179 1418 1244 pro

320 1255 383 1309 tem
411 1265 476 1308 ore·
486 1243 635 1310 domibus
656 1253 688 1309 et
707 1243 798 1326 natis,
821 1264 894 1307 cum
914 1243 1004 1308 hoste
1025 1243 1201 1308 comminus
1215 1242 1418 1307 dimicetnos.

320 1327 368 1392 Lo
404 1328 489 1392 arius
511 1328 631 1394 interea
651 1326 739 1414 apud
762 1349 836 1392 suos
859 1325 1062 1410 deliberabat,
1090 1339 1196 1394 utrum
1217 1327 1322 1412 potius
1341 1326 1420 1401 foret,

321 1435 390 1478 sese
412 1411 543 1477 ulterius
565 1412 611 1477 ire
638 1411 799 1498 armisque
827 1419 878 1475 et⁰
902 1411 1044 1477 viribus⁰
1064 1421 1163 1476 totam
1185 1409 1346 1496 Belgicam
1366 1409 1419 1474 sihi

321 1496 504 1583 subiugare,
526 1517 568 1560 en
588 1495 756 1561 residendo
770 1495 917 1578 Virduni,
935 1517 997 1594 per
1010 1494 1132 1581 legatos
1146 1493 1264 1560 habitis
1280 1494 1418 1558 suasioni-

319 1581 389 1664 bus,
418 1602 522 1646 mores
550 1580 688 1646 hostium
714 1579 756 1643 ad
777 1601 870 1644 suum
891 1601 1033 1644 smmum
1054 1579 1232 1645 informare.
1285 1578 1320 1643 Si
1345 1579 1418 1642 enim
1452 1575 1453 1656 ξ

320 1687 375 1729 eos
406 1664 489 1728 ferro
517 1665 667 1744 vinceret,
699 1686 772 1728 cum
804 1662 838 1728 id
867 1665 934 1728 sine
962 1663 1061 1728 multo
1089 1664 1243 1749 sanguine
1271 1663 1338 1727 fieri
1363 1683 1418 1725 non

320 1759 437 1834 posset,
459 1746 621 1833 cogitabat
642 1750 675 1812 in
696 1757 859 1834 posterum
880 1749 984 1812 minus
1006 1748 1051 1813 eis
1066 1747 1270 1824 credendum,
1291 1745 1418 1832 eoquod

321 1832 496 1896 amicorum
526 1831 631 1897 labem
658 1833 703 1898 eis
729 1829 879 1896 intulerit.
931 1831 966 1896 Si
993 1852 1068 1896 vero
1095 1855 1153 1918 per
1184 1829 1418 1897 benivolentiam

319 1937 501 1980 reversuros
529 1925 721 2000 expectaret,
750 1914 927 1980 cavendum
953 1916 1096 2001 putabat,
1124 1939 1165 1981 ne
1193 1917 1227 1979 in
1255 1924 1342 1980 tanto
1363 1915 1417 1978 otio

318 1997 425 2063 hostes
445 1996 662 2065 insolentiores
682 1998 898 2064 redderentur.

571 2155 639 2221 103.
675 2155 832 2220 Virdunid
853 2157 997 2222 invasiotl
1022 2156 1180 2242 aBelgis.
1453 2219 1454 2224 ,

253 2281 314 2326 esse
404 2259 492 2324 Dum
513 2259 593 2324 haec
613 2258 712 2324 multa
734 2258 963 2324 consultatione
984 2258 1158 2342 ventilaret,
1185 2257 1333 2408 Βθὲἰοιιθ
1359 2257 1416 2322 dux

321 2342 516 2408 'leodericus
547 2365 672 2408 necnon
698 2352 730 2408 et
755 2345 806 2406 vir
832 2343 949 2408 nobilis
982 2365 1020 2408 ac
1053 2354 1198 2409 strenuus
1261 2342 1416 2421 odefridus,

323 2427 501 2512 Sigefiidus
524 2439 673 2514 quoque⁰
694 2428 743 2492 vir
770 2425 910 2508 illustris,
937 2427 1043 2492 Bardo
1066 2429 1160 2492 etiam
1183 2438 1215 2492 et
1237 2426 1347 2492 Gozilo
1366 2425 1416 2488 fra·

321 2521 384 2575 tres
414 2510 579 2576 clarissimi
608 2522 638 2577 et
663 2512 908 2576 nominatissimi
944 2511 1060 2597 aliique
1093 2513 1255 2598 principes
1289 2507 1416 2574 nonnulli

322 2592 455 2658 latenter
481 2605 695 2681 pertemptant
717 2595 896 2659 Virdunum
917 2596 1091 2681 irrumpere
1113 2617 1248 2682 eamque
1270 2618 1290 2659 a
1311 2593 1415 2659 Gallise

323 2699 489 2742 evacuare.
532 2679 703 2765 Factisque
725 2679 859 2762 insidiis,
880 2681 1112 2764 negotiatorum
1134 2679 1317 2760 claustrum,
1338 2697 1414 2742 muro

321 2761 421 2824 instar
442 2761 552 2847 oppidi
581 2773 772 2846 extructum,
801 2763 841 2828 ab
863 2761 942 2828 urbe
964 2763 1092 2850 quidem
1114 2763 1207 2828 Mosa
1231 2762 1415 2828 interfluente
1454 2775 1455 2788 ¹

322 2845 510 2928 seiunctum,
533 2846 588 2911 sed
602 2847 753 2932 pontibus
775 2847 900 2912 duobus
914 2849 1102 2912 interstratis
1120 2849 1150 2911 ei
1164 2869 1334 2929 annexum,
1355 2866 1414 2910 cum

323 2928 430 2994 electis
458 2929 593 2994 militum
616 2931 715 3016 copiis
743 2932 879 3014 ingressi
901 2942 984 2995 sunt.
1026 2931 1196 2995 Annonam
1224 2953 1348 2996 omnem
1367 2930 1415 2992 cir-

323 3035 524 3100 cumquaque
551 3013 666 3079 milites
691 3014 834 3100 palantes
862 3015 1029 3080 advectare
1050 3016 1204 3080 fecerunt.
1247 3014 1414 3100 Negotiato-

322 3119 392 3161 rum
415 3119 540 3184 quoque
555 3099 657 3164 vietus
678 3099 712 3162 in
732 3121 826 3163 usum
846 3097 997 3164 bellicum
1011 3108 1211 3187 acceperrmt.
1253 3099 1414 3184 Lignorum

322 3179 428 3246 trabes
450 3204 492 3246 ex
512 3182 684 3268 Argonna¹
715 3205 812 3270 aggre
837 3185 883 3248 ari
904 3184 1071 3265 iusserunt,
1099 3194 1144 3266 ut,
1173 3185 1201 3248 si
1222 3182 1263 3248 ab
1286 3182 1414 3248 hostibus

322 3277 413 3331 extra
439 3266 604 3332 machinae
632 3269 731 3331 muris
760 3289 823 3353 app
839 3267 1010 3349 'carentur,
1045 3269 1108 3352 ipsi
1141 3289 1269 3353 quoque
1297 3265 1415 3331 interius

323 3349 537 3416 obtinentibus
564 3351 718 3416 machinis
747 3351 892 3416 obstare⁰
920 3350 1113 3416 molirentur.
1163 3350 1276 3416 Crates
1304 3367 1415 3437 quoque

321 3434 494 3499 viminibus
509 3445 540 3500 et
559 3436 708 3500 arborum
723 3434 888 3500 frondibus
902 3434 1023 3500 validas
1042 3436 1254 3518 intexuerunt,
1275 3432 1415 3500 machinis

322 3519 449 3600 erectis,
487 3521 514 3582 si
546 3542 596 3584 res
624 3529 826 3604 exposceret,
860 3518 1164 3605 supersternendoss.
1214 3518 1318 3585 Sudes
1345 3518 1414 3583 ferro

322 3604 518 3666 acuminatos
541 3613 572 3666 et
593 3604 667 3688 igne
690 3602 837 3668 subustos
858 3603 899 3667 ad
917 3601 1023 3668 hostes
1050 3602 1305 3668 transfodiendos
1333 3621 1415 3689 quam

321 3683 428 3832 plures
459 3696 659 3770 aptaverunt.
701 3686 835 3752 Missilia
856 3688 936 3751 varii
963 3688 1088 3774 generis
1112 3710 1170 3774 per
1198 3686 1306 3753 fabros
1333 3706 1414 3772 expe-

344 3767 418 3832 iere.
468 3770 607 3834 Funium
634 3769 785 3836 millena&
810 3769 974 3836 volumina
1004 3771 1046 3836 ad
1074 3794 1151 3836 usus
1183 3771 1324 3836 diversos
1353 3789 1414 3833 con·

321 3863 488 3917 vexerunt.
541 3851 591 3919 Oli
615 3876 669 3918 eos
701 3877 826 3942 quoque
857 3855 1022 3922 habendae
1054 3855 1206 3921 testudini
1238 3851 1414 3920 ordinandos

320 3937 531 4003 instituerunt.
602 3949 723 4004 reterea
744 3950 878 4006 centena
897 3940 1007 4004 mortis
1028 3947 1185 4005 tormenta
1205 3961 1270 4003 non
1291 3938 1413 4002 defirere.

380 4127 402 4180 e)
419 4139 551 4180 paucosque
567 4131 709 4170 multitudini
730 4132 811 4172 cedere
832 4131 882 4174 add.
902 4132 923 4173 i.
1003 4128 1027 4182 b)
1044 4141 1157 4180 aperuere
1178 4140 1228 4171 sese
1247 4153 1273 4162 -
1288 4128 1381 4170 obtulere
1395 4125 1411 4162 1-

321 4185 345 4297 3
355 4189 471 4287 &pelearia
561 4187 584 4241 d)
600 4189 627 4242 V,
643 4191 668 4230 tn
684 4190 739 4231 absc.
829 4188 851 4241 e)
868 4189 897 4230 ab
918 4189 1021 4230 hostibus
1043 4191 1063 4231 1.
1152 4187 1381 4242 neupemternendss
1395 4185 1412 4223 i.

395 4376 423 4444 1)
444 4379 519 4430 Silva
538 4380 571 4430 ab
591 4379 731 4432 occidente
744 4379 865 4432 Virduni.
