2936 5010
284 395 437 447 RIOHERI
456 394 709 448 HISTORIARUM
728 396 839 447 LIBER
857 397 925 448 1111,
1111 399 1162 449 155

131 564 178 628 54.
222 561 342 628 Contra
362 562 442 627 haec
465 584 537 628 cum
559 562 689 662 quidam
702 562 908 627 residentium
922 564 1159 650 responderent,
1173 584 1226 625 aar.

57 647 225 711 huiusmodi
245 647 407 710 hominem
458 655 640 712 uantotrus⁸
668 647 922 713 convincendum
948 659 980 713 et
1005 652 1051 713 sic
1076 643 1304 744 iustoffissb¹{·,

57 731 156 795 inditio
184 731 382 816 puniendum
391 744 411 814 ¹,
437 669 594 818 biguinus
627 734 796 818 episcopus
828 754 893 796 non
922 731 957 795 id
989 755 1058 798 sese
1089 757 1160 821 per·
1232 729 1238 742 ⁸
1269 731 1274 743 ’
1308 729 1313 742 '

57 818 215 880 missurum
236 815 409 902 respondit,
432 825 468 880 ut
488 818 524 898 is,
548 816 603 902 qui
624 818 797 880 maiestatis
811 839 884 880 reus
899 827 1077 900 accusatur,
1099 819 1159 884 sub

59 899 234 964 discutiendi
257 921 389 964 censura
409 911 557 986 ponatur,
579 901 640 962 nisi
660 911 733 964 ante
749 923 790 964 ex
804 901 1007 965 iureiurando
1023 905 1157 988 promis-

59 985 166 1048 sionem
186 982 401 1069 indulgentiae
422 985 463 1048 ab
485 984 614 1069 regibus
637 993 668 1047 et
689 986 847 1131 episcopis
870 987 1015 1071 accipiat.
1055 985 1158 1071 quue

57 1068 225 1132 iaciendum
251 1069 412 1133 asserebat
442 1090 483 1132 ex
510 1066 635 1132 concilii
660 1068 708 1132 To
721 1071 806 1133 etani
833 1071 936 1154 capite
957 1071 1008 1135 31.
1053 1069 1159 1154 Quod,

59 1153 123 1237 quia
142 1151 289 1218 brevitati
311 1151 484 1234 studemus,
511 1153 674 1216 omisimus
696 1175 824 1238 ponere.

142 1310 210 1373 54&
255 1307 505 1374 Sermocinatiob
527 1309 693 1374 Daibertib
715 1310 793 1394 proh
815 1309 927 1374 iuditio
950 1310 1064 1376 dando.

128 1411 301 1476 Daibertus
330 1411 578 1480 Bituricensium
607 1411 713 1476 archie
738 1413 885 1496 iscopusc
911 1412 1031 1478 dixin:
1066 1413 1190 1484 ‘Cuma
1207 1441 1230 1481 4.

59 1505 167 1559 constet
186 1494 317 1578 factum,
348 1496 439 1561 etde
461 1497 588 1560 nomine
608 1495 684 1560 facti
705 1433 859 1559 dubitatio
882 1497 967 1560 nulla
989 1500 1038 1578 sit,
1062 1519 1159 1584 quan-

58 1589 115 1642 tum
156 1602 261 1666 noque
283 1580 405 1644 facinus
426 1579 651 1666 perpendatur,
673 1579 831 1665 quomodo
847 1603 889 1643 ex
903 1583 1088 1646 necessitate
1104 1603 1157 1646 reo

59 1665 93 1726 sit
111 1603 346 1748 indulgendum,
376 1667 501 1749 penitus
524 1685 588 1726 non
609 1663 750 1728 adverte.
793 1662 857 1726 Hic
886 1667 971 1728 enim
997 1668 1157 1730 incurrere

58 1750 219 1813 necessitas
239 1747 374 1828 videtur,
397 1769 469 1811 cum
491 1747 637 1812 iuditium
659 1745 926 1834 promulgandum
947 1752 1076 1832 nonsit,
1098 1751 1161 1813 nisi

10 1890 11 1900 2
59 1834 135 1914 prius
157 1855 194 1896 su
218 1831 306 1916 plicii
327 1830 523 1916 indulgentia
538 1831 754 1896 convincendo
770 1852 921 1896 concessa
934 1833 1037 1898 fuerit.
1074 1835 1118 1896 At
1134 1835 1160 1896 si

59 1915 93 1978 ad
118 1938 168 1980 sec
202 1918 269 1980 aria
297 1917 367 1980 iura
398 1917 599 2043 respiciatur,
634 1916 858 2002 quodcumque
891 1917 994 1982 scelus
1027 1921 1161 2004 quisque

60 2003 249 2082 commiserit,
272 1999 445 2064 secundum
488 1998 613 2064 sceleris
628 1999 760 2064 modum
774 2003 986 2085 poenitentiae
1001 2003 1162 2066 severitati

59 2083 240 2150 subiacebit.

10 2239 11 2244 γ
131 2170 179 2234 55.
222 2167 401 2233 Herivevus
422 2167 627 2232 Belvacensis
649 2169 816 2252 episcopus
839 2169 936 2232 dixit:
963 2167 1162 2232 ‘Cavendum

59 2272 246 2338 summopere
278 2262 341 2334 est,
374 2275 414 2316 ne
444 2251 473 2316 le
498 2274 530 2315 es
559 2252 682 2316 divinas
715 2250 894 2315 forensibus
928 2274 1159 2337 comparemus.

10 2337 11 2360 ³
59 2333 221 2399 Plurimum
243 2337 349 2400 enimd
371 2357 391 2398 a
412 2359 445 2400 se
468 2274 622 2414 differunt,
647 2357 720 2399 cum
735 2335 914 2400 divinarum
930 2337 970 2398 sit
984 2336 1024 2400 de
1040 2334 1160 2400 aeccle-

9 2475 10 2496 ,
58 2419 179 2484 siasticis
201 2422 337 2505 negotiis
358 2429 493 2484 tractare
515 2430 547 2484 et
569 2419 758 2484 secularium
785 2418 979 2483 secularibus
1006 2419 1161 2484 adhiberi.

9 2512 13 2558 ἵ
61 2501 192 2580 Quarum
243 2507 342 2568 rimae
370 2514 457 2568 tanto
487 2504 641 2568 secundas
668 2513 827 2588 superant,
859 2513 976 2589 quanto
1004 2503 1163 2568 secundae

59 2589 157 2668 primis
177 2527 341 2652 inlliriores
363 2598 444 2652 sunt.
481 2587 575 2652 Unde
597 2598 628 2652 et
649 2587 763 2651 divinis
778 2610 835 2673 per
851 2590 956 2652 omnia
972 2611 1047 2652 suus
1061 2589 1164 2652 honor

61 2673 222 2737 servandus
245 2683 300 2736 est.
335 2670 370 2736 Si
392 2694 466 2757 ergo
488 2673 585 2736 frater
606 2682 637 2736 et
658 2673 866 2757 coepiscopus
888 2683 997 2738 noster
1011 2672 1164 2737 Arnulfus

61 2758 220 2821 maiestatis
242 2779 314 2820 reus
336 2758 500 2820 convictus
523 2755 626 2837 fuerit,
648 2777 706 2840 pro
730 2756 917 2820 sacerdotali
938 2759 1115 2822 reverentia
1133 2767 1165 2821 et

7 2847 9 2922 ζ
62 2843 211 2926 sanguinis
239 2840 391 2904 affinitate
420 2862 439 2903 a
468 2842 675 2904 serenissimis
704 2840 834 2924 regibus
856 2839 1085 2926 indulgendum
1106 2840 1162 2904 ali-

7 2931 11 3001 ,
63 2935 204 3005 quatenus
224 2947 289 2988 non
311 2925 426 2990 abnuo.
462 2923 571 2988 Iuditii
592 2934 699 2989 tamen
721 2927 930 2988 sententiam⁰
954 2929 1081 2989 omnino
1097 2947 1162 2989 non

6 3012 10 3092 ξ
62 3007 195 3094 effugiet,
228 3011 255 3072 si
287 3031 344 3072 sua
377 3009 573 3074 confessione
605 3008 755 3094 indignus
788 3008 976 3074 sacerdotali
1008 3010 1163 3095 dignitate

63 3094 318 3159 manifestabitur.

6 3260 10 3305 γ
225 3232 276 3294 56.
319 3230 517 3316 Indignatiof
535 3231 713 3294 Brunonisf
730 3233 765 3294 in
786 3228 981 3294 Arnulfumf.

5 3315 11 3480 h
134 3333 240 3397 Bruno
251 3333 462 3418 Lingonensis
475 3333 751 3432 episcopusdixit:
764 3333 867 3395 ‘Hunc
879 3333 963 3398 unde
974 3332 1047 3396 hic⁰l
1059 3354 1163 3397 sermo
1175 3363 1194 3392 e.
1211 3350 1231 3392 5.

62 3410 184 3481 habetur
205 3420 239 3480 in
260 3417 318 3480 has
340 3419 482 3482 miserias
504 3419 711 3516 precrpitasse
728 3417 849 3499 videor,
871 3438 944 3480 cum
959 3425 1070 3480 contra
1084 3415 1163 3480 mul-

6 3487 7 3521 *
64 3505 155 3564 torum
175 3501 332 3566 bonorum
353 3510 428 3565 vota
454 3501 495 3565 ad
524 3501 652 3565 honorrs
685 3502 808 3565 culmen
836 3503 978 3586 provexi.
1033 3499 1077 3564 Et
1103 3500 1165 3564 hoc

64 3602 120 3646 non
138 3584 238 3649 solum
259 3595 391 3671 propter
412 3587 515 3649 carnis
537 3585 722 3649 affinitatem
745 3584 844 3666 effeci,
871 3585 927 3649 sed
950 3587 1046 3650 etiam
1066 3595 1102 3648 ut
1123 3585 1166 3650 ad

65 3666 188 3733 melioris
209 3671 294 3733 vitae
316 3679 433 3733 statum
454 3669 542 3733 illum
563 3667 768 3750 attraherem,
796 3691 869 3733 cum
890 3691 955 3733 non
975 3671 1165 3755 ignorarem,

65 3748 157 3831 ipsum
171 3751 390 3817 Laudunensis
405 3753 493 3818 urbis
508 3774 713 3840 pervasorem
735 3756 848 3839 *atque
866 3754 1005 3819 nefariae
1019 3753 1164 3818 factionis
1175 3764 1184 3785 ⁴
1194 3779 1215 3819 r.
1232 3765 1282 3809 ⁶4⁵-

66 3839 256 3900 umerarium
284 3837 478 3923 principem3
511 3836 570 3902 sub
602 3838 670 3900 iure
702 3837 885 3924 cirographi
912 3839 1041 3924 regibus
1067 3838 1164 3903 fidem

68 3921 279 4006 spopondisse5
301 3944 360 4007 pro
381 3921 468 3986 nullo
488 3922 638 4008 preterito
661 3931 715 3984 aut
729 3920 835 3986 futuro
851 3933 1048 3986 sacramento
1064 3921 1161 3986 fidem

119 4107 139 4162 a)
155 4111 282 4160 quamcito
300 4113 321 4150 1.
391 4109 415 4162 b)
433 4111 520 4164 sermo,
536 4112 595 4152 berti
610 4123 659 4164 pro,
675 4112 705 4151 ds
720 4111 790 4160 abien
806 4111 884 4151 Oratio
899 4112 927 4150 D.
945 4112 964 4150 1.
1033 4109 1054 4162 c)
1071 4111 1100 4152 D.
1119 4115 1167 4162 ept-

70 4172 140 4216 ⁸⁰⁰PU⁸
156 4172 175 4212 l·
236 4169 258 4221 (ἱ)
272 4175 323 4220 pon
338 4170 387 4211 add.
448 4170 470 4222 e)
486 4172 632 4212 severitatem
648 4173 668 4212 1.
727 4167 1040 4222 f)1nd,Bru‚Ar(nultum)
1057 4171 1116 4211 abac.
1175 4199 1177 4204 .

7 4287 10 4325 l
134 4299 159 4366 1)
176 4303 253 4352 Haec
271 4302 400 4355 Richerus
420 4303 532 4356 addidit.
598 4300 627 4368 2)
648 4304 779 4356 Orationis
798 4317 904 4353 sensum
924 4301 975 4351 hoc
995 4307 1022 4352 et
1041 4306 1166 4370 sequenti

74 4379 124 4434 cap·
142 4381 230 4426 auctor
248 4378 368 4427 mutavit.
