2938 5016
301 426 454 479 RIOHERI
474 428 726 481 HISTORIARUM
746 429 856 495 LIBER
876 431 914 482 11.
1126 435 1161 484 39

57 601 180 663 secutus.
215 594 299 658 Nam
315 617 388 658 cum
403 594 579 659 autumnali
594 605 737 682 tempore
756 595 963 662 melancolia⁸
985 599 1019 663 in
1041 601 1222 686 patim-⁹³⁶·

56 677 128 742 tibus
150 678 360 760 redundaret,
390 680 576 762 cacocexia,
607 681 692 767 quod
719 681 825 746 Latini
853 681 969 746 malam
997 685 1160 771 corporisb

56 761 263 828 habitudinem
293 764 413 844 dicunt,
446 773 511 828 toto
534 775 686 829 autumno
716 766 861 831 detentus
883 777 940 831 est.
983 767 1160 855 Victusque

56 844 185 912 humoris
209 847 435 934 superfluitate,
464 847 579 912 defecit
607 849 768 914 hominem
792 871 831 914 ue
858 851 968 915 exivit.
1018 851 1057 915 In
1078 851 1222 918 basi-oss.

56 927 106 993 lica
126 943 255 998 sanctae
290 930 465 998 Columbae
496 933 630 1019 virginis
662 934 749 1019 apud
807 954 924 998 enonas
956 933 1056 1000 multa
1084 933 1219 1002 ami-¹⁸¹²·
1237 933 1271 972 ¹⁴·

57 1034 152 1079 corum
174 1018 336 1082 attritione
359 1037 552 1102 suorumque
575 1017 650 1082 obse
675 1018 728 1082 uio
751 1017 953 1082 tumulatum.
996 1018 1047 1084 De
1069 1021 1161 1106 regni

57 1101 328 1166 amministratione
350 1099 429 1164 nihil
452 1100 618 1186 disposuit.
651 1039 696 1166 lt
717 1102 906 1188 primatibus
929 1123 1000 1166 eam
1022 1103 1160 1189 reliquit,

57 1205 87 1246 eo
101 1185 183 1270 quod
207 1183 288 1249 filios
310 1206 375 1248 non
395 1182 552 1267 habuerit,
576 1187 631 1272 qui
651 1207 821 1272 regnorum
844 1209 949 1251 rerum
971 1188 1159 1274 potirentur.

295 1386 482 1452 *INCIPIT
504 1387 638 1452 LIBER
661 1387 907 1455 SECUNDUS.
1167 1410 1223 1456 ’at
1239 1411 1275 1457 rs.

178 1512 204 1572 1.
239 1507 424 1574 Gallorumc
446 1507 650 1574 deliberatio⁰
672 1509 711 1574 de
733 1522 830 1595 rege⁰
853 1511 989 1575 creando
1000 1523 1020 1574 ⁰.

130 1611 204 1676 Post
234 1613 326 1675 cuius
355 1612 509 1697 exequias
543 1613 706 1710 principes
739 1611 772 1674 in
805 1611 931 1676 diversa
960 1580 1160 1679 ducebdntur

58 1692 144 1758 finem
163 1718 202 1760 ue
223 1696 376 1782 petebant
397 1695 531 1760 varium.
575 1694 659 1760 Galli
681 1717 819 1782 namque
836 1695 945 1761 Celtae
967 1719 1042 1760 cum
1061 1698 1160 1784 Aqui-

59 1778 132 1840 tanis
145 1717 323 1864 llugonem,
343 1779 486 1844 Rotberti
504 1781 588 1865 regis
607 1779 717 1860 filium,
732 1779 851 1865 Belgae
866 1803 943 1846 vero
957 1781 1161 1846 Ludovicum

59 1859 157 1926 Karoli
181 1864 405 1949 sequebantur.
446 1863 593 1944 Quorum
615 1867 719 1928 neutri
744 1865 952 1930 commoditas
977 1865 1090 1931 aderat
1113 1890 1160 1932 re·
1220 1947 1224 1954 ι

58 1945 179 2028 grandi,
205 1969 279 2011 cum
295 1947 391 2032 Hugo
412 1957 536 2032 patrem
552 1948 592 2013 ob
608 1945 807 2012 insolentiam
849 1950 957 2014 eriisse
979 1952 1160 2016 reminisce-

58 2027 140 2093 batur
161 2042 191 2096 et
206 2031 246 2096 ob
261 2032 323 2096 hoc
344 2033 479 2116 regnare
500 2031 694 2114 formidaret,
717 2043 749 2097 et
763 1972 947 2098 Ludovicus
967 2035 1001 2097 in
1039 2034 1161 2100 artibus

59 2111 198 2198 Anglioae
221 2126 407 2198 moraretur,
436 2138 473 2180 eo
504 2116 589 2201 quod
617 2114 692 2179 illuc
719 2115 841 2181 delatus
863 2117 966 2182 infans
993 2058 1037 2182 ad
1063 2141 1160 2182 avun-

59 2197 151 2262 culum
179 2199 390 2265 Adelstanum
422 2223 456 2264 re
481 2223 531 2264 em
564 2200 657 2266 fuerit
690 2199 731 2264 ob
759 2200 907 2285 Hugonis
937 2211 968 2266 et
997 2202 1161 2266 Heriberti

59 2279 293 2366 insectationem,
323 2307 360 2348 eo
383 2305 447 2369 quo
496 2285 558 2348 isi
586 2296 710 2371 patrem
737 2287 805 2348 eius
830 2283 1206 2368 *comprehendissent‘n
1223 2296 1274 2338 ⁶³²·

59 2384 89 2428 ac
108 2371 224 2432 carceri
242 2369 417 2432 trusissent.
448 2306 532 2434 Galli
559 2369 603 2434 ita
626 2391 665 2433 ue
694 2369 727 2431 in
753 2368 837 2516 repis
859 2368 1060 2453 promotione
1083 2366 1159 2433 libe-

59 2450 142 2514 riores
170 2451 273 2516 videri
304 2451 494 2534 laborantes
528 2453 587 2517 sub
651 2475 756 2536 ugone
810 2473 867 2517 uce
889 2450 1095 2517 deliberaturi
1120 2453 1159 2518 de

59 2554 121 2618 rege
142 2537 278 2601 creando
301 2535 424 2601 collecti
445 2547 520 2601 sunt
530 2548 551 2600 ².

97 2656 123 2719 2.
156 2657 265 2721 Oratio
288 2657 458 2743 Hugonisd
480 2657 592 2721 ducisd
614 2657 655 2720 ad
679 2655 809 2722 Gallosl
830 2679 888 2744 pro
910 2657 1107 2723 Ludovicol.
1154 2723 1160 2734 ,

131 2759 274 2839 Quorum
306 2759 430 2824 medius
459 2759 526 2826 dux
556 2769 629 2845 post
658 2759 790 2824 multam
823 2759 1085 2828 consultationem
1119 2761 1160 2825 ad

60 2839 176 2906 multam
207 2843 453 2909 benivolentiam
488 2845 651 2908 animumb
682 2844 865 2926 intendem,
902 2845 947 2908 sic
976 2843 1159 2944 prelocutus

60 2925 108 2986 ait:
129 2927 255 2993 ‘Karolo
277 2951 352 3014 rege
371 2926 544 2992 miserabili
562 2927 689 2992 fortuna
704 2929 863 3010 defuncto,
886 2930 953 2993 sive
975 2929 1066 2994 ideo
1087 2951 1160 3016 pro·

61 3021 193 3094 merente,
223 3015 290 3078 sive
319 3013 434 3077 nostris
463 3011 598 3097 flagiciis
620 3013 630 3075 i
656 3035 691 3076 sa
712 3012 888 3077 Divinitate
913 3012 1109 3096 indignante,
1133 3013 1160 3076 si

61 3092 315 3181 quidapatribus
339 3106 370 3161 et
391 3095 483 3160 nobis
505 3097 584 3182 ipsis
607 3035 781 3160 admissum
804 3108 860 3179 est,
883 3111 946 3182 quo
968 3097 1156 3162 Divinitatis

62 3185 190 3244 maiestas
211 3180 299 3246 laesa
321 3182 370 3262 sit,
391 3179 490 3244 multo
514 3191 650 3245 conatue
672 3182 818 3266 inprimis
840 3180 874 3244 id
889 3183 948 3244 erit
967 3180 1160 3246 abolendum

62 3268 142 3345 atque
162 3262 202 3328 ab
223 3264 321 3329 octtlis
343 3265 566 3328 amovendum.
600 3254 846 3329 Discordiarum
867 3265 975 3410 iterpue
995 3266 1160 3328 molimina

62 3339 159 3427 absint,
186 3359 217 3413 et
239 3350 401 3413 communi
429 3349 571 3412 omnium
599 3349 781 3413 conibentia
803 3347 843 3412 de
866 3371 923 3432 pre
937 3347 1054 3411 erendo
1074 3348 1159 3431 prin-

63 3426 121 3511 cipe
149 3431 365 3498 deliberemus.
425 3434 521 3498 Patcr
559 3455 647 3498 meus
684 3443 789 3498 vestra
823 3430 984 3517 quondam
1018 3431 1159 3495 omnium

63 3510 209 3604 yoluntate
231 3541 290 3582 rex
312 3525 433 3581 creatus
456 3539 521 3581 non
536 3519 604 3582 sine
618 3539 735 3603 magno
751 3516 896 3602 regnavit
910 3514 1061 3598 facinore,
1086 3536 1159 3579 cum

62 3615 84 3656 1s
101 3600 149 3661 cui
164 3599 221 3665 soli
236 3603 305 3665 iura
320 3601 475 3685 regnandi
497 3600 695 3666 debebantur
716 3602 838 3666 viveret
859 3610 891 3665 et
905 3601 1016 3664 vivens
1032 3621 1159 3665 carcere

64 3675 256 3750 clauderetur.
293 3685 387 3766 Quod
410 3685 529 3750 credite
551 3686 622 3750 Deo
644 3707 707 3749 non
729 3695 895 3772 acceptum
917 3684 1022 3749 misse.
1066 3685 1160 3750 Unde

64 3773 89 3826 et
107 3766 191 3850 absit,
214 3781 250 3834 ut
271 3792 330 3855 ego
352 3771 450 3855 patris
472 3769 542 3834 loco
562 3771 719 3836 restituar.
751 3771 819 3834 Nec
834 3791 909 3834 vero
925 3768 1020 3834 alieni
1034 3771 1159 3856 generis

65 3866 241 3938 quemquam
270 3863 343 3939 post
364 3853 475 3919 divaes
493 3855 664 3918 memoriae
686 3853 858 3918 Rodulfum
880 3852 1015 3919 arbitror
1036 3876 1160 3952 promo-

36 4004 38 4012 ,
63 3933 197 4018 vendum,
225 3960 297 4001 cum
327 3938 394 4001 eius
423 3948 565 4024 tempore
594 3941 699 4002 visum
728 3938 777 4020 sit,
811 3938 890 4023 quid
921 3959 1006 4001 nunc
1038 3938 1161 4002 mnasci

115 4095 135 4146 a)
151 4109 163 4139 a
178 4110 252 4145 teorr,
297 4100 320 4151 11)
334 4106 384 4150 post
401 4102 450 4142 aoid.
505 4101 525 4152 c)
543 4112 615 4152 orum,
631 4105 674 4153 rat,
691 4111 726 4152 gs,
743 4101 771 4141 do
787 4101 842 4142 abac.
888 4099 911 4152 d)
927 4101 971 4150 Hu,
989 4101 1029 4150 cis,
1046 4110 1078 4151 os,
1095 4101 1160 4140 ovlco

64 4152 133 4260 2313
153 4157 254 4258 missilia
268 4171 324 4200 corr.
342 4171 392 4201 con.
453 4159 472 4211 s)
489 4161 509 4201 d.
525 4171 555 4200 m.
572 4173 598 4213 a,
614 4161 671 4210 qaod
687 4160 804 4200 domiuum
820 4169 896 4200 meum
912 4159 971 4198 baad
987 4169 1029 4198 caat
1045 4159 1160 4208 terendum,

131 4345 156 4412 1)
174 4351 213 4401 Ex
232 4353 324 4417 Flod.;
356 4353 389 4406 cf.
408 4352 476 4403 Ann.
498 4352 525 4403 S.
547 4350 702 4413 Columbae,
732 4351 779 4404 SS.
799 4351 821 4414 Ι,
847 4367 873 4416 p.
896 4350 956 4402 105.
1034 4347 1063 4417 Ξ)
1083 4352 1160 4402 Haec

15 4421 18 4528 p
67 4416 128 4469 solus
146 4421 277 4491 Richerus,
301 4443 333 4478 ex
352 4442 399 4478 suo
419 4425 512 4492 procul
533 4424 612 4476 dubio
632 4425 749 4489 ingenio.
