<?xml version="1.0" encoding="UTF-8"?>
<!DOCTYPE html PUBLIC "-//W3C//DTD XHTML 1.0 Transitional//EN"
    "http://www.w3.org/TR/xhtml1/DTD/xhtml1-transitional.dtd">
<html xmlns="http://www.w3.org/1999/xhtml" xml:lang="en" lang="en">
 <head>
  <title>
</title>
<meta http-equiv="Content-Type" content="text/html;charset=utf-8" />
  <meta name='ocr-system' content='tesseract 3.04.00' />
  <meta name='ocr-capabilities' content='ocr_page ocr_carea ocr_par ocr_line ocrx_word'/>
</head>
<body>
  <div class='ocr_page' id='page_1' title='image "./richerihistoria00richgoog_0141.png"; bbox 0 0 2936 5010; ppageno 0'>
   <div class='ocr_carea' id='block_1_1' title="bbox 314 373 1182 436">
    <p class='ocr_par' dir='ltr' id='par_1_1' title="bbox 314 373 1182 436">
     <span class='ocr_line' id='line_1_1' title="bbox 314 373 1182 436; baseline -0.007 -6"><span class='ocrx_word' id='word_1_1' title='bbox 314 379 368 430; x_wconf 78' lang='lat'><strong>120</strong></span> <span class='ocrx_word' id='word_1_2' title='bbox 558 373 711 436; x_wconf 77' lang='lat' dir='ltr'><strong>monam</strong></span> <span class='ocrx_word' id='word_1_3' title='bbox 729 373 980 426; x_wconf 81' lang='lat' dir='ltr'>HISTORIARUM</span> <span class='ocrx_word' id='word_1_4' title='bbox 998 373 1111 426; x_wconf 79' lang='lat' dir='ltr'><strong>LIBER</strong></span> <span class='ocrx_word' id='word_1_5' title='bbox 1128 373 1182 424; x_wconf 92' lang='lat'><strong>111.</strong></span> 
     </span>
    </p>
   </div>
   <div class='ocr_carea' id='block_1_2' title="bbox 198 540 1410 1548">
    <p class='ocr_par' dir='ltr' id='par_1_2' title="bbox 198 540 1410 1548">
     <span class='ocr_line' id='line_1_2' title="bbox 255 540 1408 640; baseline 0.003 -38"><span class='ocrx_word' id='word_1_6' title='bbox 255 562 305 604; x_wconf 80' lang='lat' dir='ltr'><strong>are.</strong></span> <span class='ocrx_word' id='word_1_7' title='bbox 316 540 507 630; x_wconf 74' lang='lat' dir='ltr'><strong>Compendii</strong></span> <span class='ocrx_word' id='word_1_8' title='bbox 520 540 598 608; x_wconf 90' lang='lat' dir='ltr'><strong>colle</strong></span> <span class='ocrx_word' id='word_1_9' title='bbox 624 543 655 609; x_wconf 91' lang='lat' dir='ltr'><strong>&#39;t.</strong></span> <span class='ocrx_word' id='word_1_10' title='bbox 683 541 798 630; x_wconf 80' lang='lat' dir='ltr'><strong>Ibique</strong></span> <span class='ocrx_word' id='word_1_11' title='bbox 812 562 832 605; x_wconf 88' lang='lat' dir='ltr'><strong>a</strong></span> <span class='ocrx_word' id='word_1_12' title='bbox 845 540 927 606; x_wconf 88' lang='lat' dir='ltr'><strong>duce</strong></span> <span class='ocrx_word' id='word_1_13' title='bbox 940 541 1134 628; x_wconf 83' lang='lat' dir='ltr'>reliquisque</span> <span class='ocrx_word' id='word_1_14' title='bbox 1147 540 1341 640; x_wconf 90' lang='lat' dir='ltr'><strong>principibus</strong></span> <span class='ocrx_word' id='word_1_15' title='bbox 1354 541 1408 606; x_wconf 92' lang='lat' dir='ltr'><strong>Lu-</strong></span> 
     </span>
     <span class='ocr_line' id='line_1_3' title="bbox 317 623 1409 712; baseline -0.004 -18"><span class='ocrx_word' id='word_1_16' title='bbox 317 628 449 694; x_wconf 90' lang='lat' dir='ltr'><strong>dovicus</strong></span> <span class='ocrx_word' id='word_1_17' title='bbox 464 647 522 690; x_wconf 85' lang='lat' dir='ltr'><strong>rex</strong></span> <span class='ocrx_word' id='word_1_18' title='bbox 536 627 596 692; x_wconf 88' lang='lat' dir='ltr'><strong>ade</strong></span> <span class='ocrx_word' id='word_1_19' title='bbox 628 637 742 708; x_wconf 88' lang='lat' dir='ltr'><strong>matus,</strong></span> <span class='ocrx_word' id='word_1_20' title='bbox 756 647 814 711; x_wconf 90' lang='lat' dir='ltr'><strong>per</strong></span> <span class='ocrx_word' id='word_1_21' title='bbox 824 623 1102 712; x_wconf 90' lang='lat' dir='ltr'><strong>metropolitanum</strong></span> <span class='ocrx_word' id='word_1_22' title='bbox 1113 647 1298 712; x_wconf 91' lang='lat' dir='ltr'><strong>ep1scopum</strong></span> <span class='ocrx_word' id='word_1_23' title='bbox 1308 625 1409 690; x_wconf 83' lang='lat' dir='ltr'><strong>Remo-</strong></span> 
     </span>
     <span class='ocr_line' id='line_1_4' title="bbox 316 707 1408 795; baseline -0.002 -19"><span class='ocrx_word' id='word_1_24' title='bbox 316 733 396 794; x_wconf 89' lang='lat' dir='ltr'><strong>rum,</strong></span> <span class='ocrx_word' id='word_1_25' title='bbox 408 710 523 795; x_wconf 80' lang='lat' dir='ltr'>dignae</span> <span class='ocrx_word' id='word_1_26' title='bbox 533 709 683 776; x_wconf 86' lang='lat' dir='ltr'><strong>videlicet</strong></span> <span class='ocrx_word' id='word_1_27' title='bbox 692 709 863 776; x_wconf 75' lang='lat' dir='ltr'><strong>memoriae</strong></span> <span class='ocrx_word' id='word_1_28' title='bbox 874 707 1118 788; x_wconf 88' lang='lat' dir='ltr'><strong>Adalberonem,</strong></span> <span class='ocrx_word' id='word_1_29' title='bbox 1134 719 1244 774; x_wconf 88' lang='lat' dir='ltr'><strong>sancta</strong></span> <span class='ocrx_word' id='word_1_30' title='bbox 1253 709 1304 774; x_wconf 90' lang='lat' dir='ltr'><strong>die</strong></span> <span class='ocrx_word' id='word_1_31' title='bbox 1313 720 1408 794; x_wconf 86' lang='lat' dir='ltr'><strong>pente-</strong></span> 
     </span>
     <span class='ocr_line' id='line_1_5' title="bbox 216 792 1409 892; baseline -0.005 -30"><span class='ocrx_word' id='word_1_32' title='bbox 216 821 267 862; x_wconf 76' lang='lat' dir='ltr'><strong>nu.</strong></span> <span class='ocrx_word' id='word_1_33' title='bbox 284 821 306 864; x_wconf 85' lang='lat' dir='ltr'><strong>s.</strong></span> <span class='ocrx_word' id='word_1_34' title='bbox 317 804 419 860; x_wconf 88' lang='lat' dir='ltr'><strong>costes</strong></span> <span class='ocrx_word' id='word_1_35' title='bbox 426 795 459 858; x_wconf 90' lang='lat' dir='ltr'><strong>in</strong></span> <span class='ocrx_word' id='word_1_36' title='bbox 466 816 600 880; x_wconf 90' lang='lat' dir='ltr'><strong>regnum</strong></span> <span class='ocrx_word' id='word_1_37' title='bbox 607 794 802 858; x_wconf 79' lang='lat' dir='ltr'><strong>Francorum</strong></span> <span class='ocrx_word' id='word_1_38' title='bbox 812 801 977 878; x_wconf 88' lang='lat' dir='ltr'><strong>promotus</strong></span> <span class='ocrx_word' id='word_1_39' title='bbox 983 792 1198 859; x_wconf 91' lang='lat' dir='ltr'><strong>est¹.Duobus</strong></span> <span class='ocrx_word' id='word_1_40' title='bbox 1206 814 1282 892; x_wconf 88' lang='lat' dir='ltr'><strong>ergo</strong></span> <span class='ocrx_word' id='word_1_41' title='bbox 1290 815 1409 877; x_wconf 87' lang='lat' dir='ltr'><strong>regnan·</strong></span> 
     </span>
     <span class='ocr_line' id='line_1_6' title="bbox 198 875 1409 964; baseline -0.003 -20"><span class='ocrx_word' id='word_1_42' title='bbox 198 875 239 932; x_wconf 73' lang='lat'><strong>&#39;¹³-</strong></span> <span class='ocrx_word' id='word_1_43' title='bbox 255 877 403 944; x_wconf 78' lang='lat' dir='ltr'><strong>⁸²⁷·tibus</strong></span> <span class='ocrx_word' id='word_1_44' title='bbox 425 877 492 942; x_wconf 87' lang='lat' dir='ltr'><strong>dux</strong></span> <span class='ocrx_word' id='word_1_45' title='bbox 515 876 631 943; x_wconf 76' lang='lat' dir='ltr'><strong>&#39;multa</strong></span> <span class='ocrx_word' id='word_1_46' title='bbox 652 876 836 943; x_wconf 84' lang='lat' dir='ltr'><strong>affabilitate</strong></span> <span class='ocrx_word' id='word_1_47' title='bbox 857 897 895 940; x_wconf 88' lang='lat' dir='ltr'><strong>sc</strong></span> <span class='ocrx_word' id='word_1_48' title='bbox 915 875 1070 942; x_wconf 89' lang='lat' dir='ltr'><strong>famulatu</strong></span> <span class='ocrx_word' id='word_1_49' title='bbox 1090 875 1260 962; x_wconf 79' lang='lat' dir='ltr'><strong>multiplici</strong></span> <span class='ocrx_word' id='word_1_50' title='bbox 1280 899 1335 964; x_wconf 91' lang='lat' dir='ltr'><strong>per</strong></span> <span class='ocrx_word' id='word_1_51' title='bbox 1351 879 1409 941; x_wconf 87' lang='lat' dir='ltr'><strong>dies</strong></span> 
     </span>
     <span class='ocr_line' id='line_1_7' title="bbox 317 959 1409 1050; baseline -0.003 -24"><span class='ocrx_word' id='word_1_52' title='bbox 317 961 422 1050; x_wconf 93' lang='lat' dir='ltr'><strong>plures</strong></span> <span class='ocrx_word' id='word_1_53' title='bbox 445 983 512 1028; x_wconf 90' lang='lat' dir='ltr'><strong>sese</strong></span> <span class='ocrx_word' id='word_1_54' title='bbox 535 960 790 1043; x_wconf 58' lang='lat' dir='ltr'><strong>commendabam</strong></span> <span class='ocrx_word' id='word_1_55' title='bbox 812 959 892 1025; x_wconf 90' lang='lat' dir='ltr'><strong>adeo</strong></span> <span class='ocrx_word' id='word_1_56' title='bbox 906 961 1027 1046; x_wconf 87' lang='lat' dir='ltr'><strong>regiam</strong></span> <span class='ocrx_word' id='word_1_57' title='bbox 1043 959 1231 1046; x_wconf 85' lang='lat' dir='ltr'><strong>dignitatem</strong></span> <span class='ocrx_word' id='word_1_58' title='bbox 1246 984 1304 1048; x_wconf 88' lang='lat' dir='ltr'><strong>per</strong></span> <span class='ocrx_word' id='word_1_59' title='bbox 1317 961 1409 1026; x_wconf 82' lang='lat' dir='ltr'><strong>omnia</strong></span> 
     </span>
     <span class='ocr_line' id='line_1_8' title="bbox 317 1042 1408 1130; baseline -0.004 -18"><span class='ocrx_word' id='word_1_60' title='bbox 317 1044 480 1127; x_wconf 89' lang='lat' dir='ltr'><strong>extollens,</strong></span> <span class='ocrx_word' id='word_1_61' title='bbox 509 1055 541 1111; x_wconf 91' lang='lat' dir='ltr'><strong>et</strong></span> <span class='ocrx_word' id='word_1_62' title='bbox 562 1055 650 1110; x_wconf 66' lang='lat' dir='ltr'><strong>sese⁸¹</strong></span> <span class='ocrx_word' id='word_1_63' title='bbox 672 1046 717 1110; x_wconf 90' lang='lat' dir='ltr'><strong>eis</strong></span> <span class='ocrx_word' id='word_1_64' title='bbox 740 1067 777 1108; x_wconf 92' lang='lat' dir='ltr'><strong>su</strong></span> <span class='ocrx_word' id='word_1_65' title='bbox 800 1042 935 1130; x_wconf 76' lang='lat' dir='ltr'><strong>plicemb</strong></span> <span class='ocrx_word' id='word_1_66' title='bbox 962 1053 1152 1126; x_wconf 82' lang='lat' dir='ltr'><strong>monstrans3</strong></span> <span class='ocrx_word' id='word_1_67' title='bbox 1181 1068 1216 1110; x_wconf 89' lang='lat' dir='ltr'><strong>se</strong></span> <span class='ocrx_word' id='word_1_68' title='bbox 1245 1046 1337 1110; x_wconf 90' lang='lat' dir='ltr'><strong>etiam</strong></span> <span class='ocrx_word' id='word_1_69' title='bbox 1356 1045 1408 1108; x_wconf 86' lang='lat' dir='ltr'><strong>fac-</strong></span> 
     </span>
     <span class='ocr_line' id='line_1_9' title="bbox 316 1067 1410 1216; baseline -0.005 -20"><span class='ocrx_word' id='word_1_70' title='bbox 316 1141 423 1196; x_wconf 84' lang='lat' dir='ltr'><strong>turum</strong></span> <span class='ocrx_word' id='word_1_71' title='bbox 455 1126 626 1216; x_wconf 88' lang='lat' dir='ltr'><strong>pollicens,</strong></span> <span class='ocrx_word' id='word_1_72' title='bbox 658 1137 694 1192; x_wconf 94' lang='lat' dir='ltr'><strong>ut</strong></span> <span class='ocrx_word' id='word_1_73' title='bbox 724 1067 818 1194; x_wconf 73' lang='lat' dir='ltr'><strong>amdo</strong></span> <span class='ocrx_word' id='word_1_74' title='bbox 851 1128 998 1214; x_wconf 89' lang='lat' dir='ltr'><strong>gentibus</strong></span> <span class='ocrx_word' id='word_1_75' title='bbox 1029 1129 1094 1192; x_wconf 90' lang='lat' dir='ltr'><strong>iarn</strong></span> <span class='ocrx_word' id='word_1_76' title='bbox 1120 1128 1248 1193; x_wconf 87' lang='lat' dir='ltr'><strong>domitis</strong></span> <span class='ocrx_word' id='word_1_77' title='bbox 1280 1139 1410 1214; x_wconf 89' lang='lat' dir='ltr'><strong>potenter</strong></span> 
     </span>
     <span class='ocr_line' id='line_1_10' title="bbox 315 1211 1409 1310; baseline -0.004 -32"><span class='ocrx_word' id='word_1_78' title='bbox 315 1214 516 1300; x_wconf 84' lang='lat' dir='ltr'><strong>imperarent,</strong></span> <span class='ocrx_word' id='word_1_79' title='bbox 538 1212 708 1278; x_wconf 89' lang='lat' dir='ltr'><strong>indomitas</strong></span> <span class='ocrx_word' id='word_1_80' title='bbox 730 1233 856 1310; x_wconf 90' lang='lat' dir='ltr'><strong>quoque</strong></span> <span class='ocrx_word' id='word_1_81' title='bbox 878 1211 1067 1277; x_wconf 74' lang='lat' dir='ltr'><strong>efficaciter⁰</strong></span> <span class='ocrx_word' id='word_1_82' title='bbox 1081 1223 1347 1278; x_wconf 81' lang='lat' dir='ltr'><strong>mansuescerent.</strong></span> <span class='ocrx_word' id='word_1_83' title='bbox 1377 1211 1409 1276; x_wconf 91' lang='lat' dir='ltr'><strong>Id</strong></span> 
     </span>
     <span class='ocr_line' id='line_1_11' title="bbox 315 1295 1410 1395; baseline -0.004 -33"><span class='ocrx_word' id='word_1_84' title='bbox 315 1298 410 1362; x_wconf 87' lang='lat' dir='ltr'><strong>etiam</strong></span> <span class='ocrx_word' id='word_1_85' title='bbox 431 1295 651 1378; x_wconf 80' lang='lat' dir='ltr'><strong>meditabatur,</strong></span> <span class='ocrx_word' id='word_1_86' title='bbox 671 1305 707 1360; x_wconf 94' lang='lat' dir='ltr'><strong>ut</strong></span> <span class='ocrx_word' id='word_1_87' title='bbox 727 1298 761 1360; x_wconf 92' lang='lat' dir='ltr'><strong>in</strong></span> <span class='ocrx_word' id='word_1_88' title='bbox 782 1295 915 1360; x_wconf 78' lang='lat' dir='ltr'><strong>diversis</strong></span> <span class='ocrx_word' id='word_1_89' title='bbox 935 1297 1042 1395; x_wconf 87' lang='lat' dir='ltr'><strong>regnis</strong></span> <span class='ocrx_word' id='word_1_90' title='bbox 1064 1296 1159 1382; x_wconf 90' lang='lat' dir='ltr'><strong>positi</strong></span> <span class='ocrx_word' id='word_1_91' title='bbox 1178 1299 1302 1382; x_wconf 89' lang='lat' dir='ltr'><strong>regiam</strong></span> <span class='ocrx_word' id='word_1_92' title='bbox 1325 1296 1410 1362; x_wconf 92' lang='lat' dir='ltr'><strong>domi-</strong></span> 
     </span>
     <span class='ocr_line' id='line_1_12' title="bbox 317 1379 1409 1466; baseline 0 -20"><span class='ocrx_word' id='word_1_93' title='bbox 317 1381 476 1448; x_wconf 89' lang='lat' dir='ltr'><strong>nationem</strong></span> <span class='ocrx_word' id='word_1_94' title='bbox 499 1390 691 1462; x_wconf 86' lang='lat' dir='ltr'><strong>exercerent,</strong></span> <span class='ocrx_word' id='word_1_95' title='bbox 713 1403 753 1445; x_wconf 91' lang='lat' dir='ltr'><strong>ne</strong></span> <span class='ocrx_word' id='word_1_96' title='bbox 774 1381 868 1444; x_wconf 90' lang='lat' dir='ltr'><strong>unius</strong></span> <span class='ocrx_word' id='word_1_97' title='bbox 889 1403 980 1466; x_wconf 80' lang='lat' dir='ltr'><strong>regns</strong></span> <span class='ocrx_word' id='word_1_98' title='bbox 1000 1381 1148 1466; x_wconf 90' lang='lat' dir='ltr'><strong>angustia</strong></span> <span class='ocrx_word' id='word_1_99' title='bbox 1162 1379 1299 1446; x_wconf 87' lang='lat' dir='ltr'><strong>duorum</strong></span> <span class='ocrx_word' id='word_1_100' title='bbox 1312 1403 1409 1466; x_wconf 89' lang='lat' dir='ltr'><strong>regum</strong></span> 
     </span>
     <span class='ocr_line' id='line_1_13' title="bbox 317 1463 826 1548; baseline 0 -20"><span class='ocrx_word' id='word_1_101' title='bbox 317 1465 474 1530; x_wconf 88' lang='lat' dir='ltr'><strong>maiestati</strong></span> <span class='ocrx_word' id='word_1_102' title='bbox 494 1463 628 1528; x_wconf 90' lang='lat' dir='ltr'><strong>nimium</strong></span> <span class='ocrx_word' id='word_1_103' title='bbox 649 1464 826 1548; x_wconf 87' lang='lat' dir='ltr'><strong>derogaret.</strong></span> 
     </span>
    </p>
   </div>
   <div class='ocr_carea' id='block_1_3' title="bbox 318 1581 1411 1732">
    <p class='ocr_par' dir='ltr' id='par_1_3' title="bbox 318 1581 1411 1732">
     <span class='ocr_line' id='line_1_14' title="bbox 318 1581 1411 1731; baseline -0.004 -81"><span class='ocrx_word' id='word_1_104' title='bbox 318 1585 368 1650; x_wconf 82' lang='lat'><strong>92.</strong></span> <span class='ocrx_word' id='word_1_105' title='bbox 410 1585 492 1650; x_wconf 92' lang='lat' dir='ltr'><strong>Item</strong></span> <span class='ocrx_word' id='word_1_106' title='bbox 514 1587 670 1672; x_wconf 89' lang='lat' dir='ltr'><strong>promotio</strong></span> <span class='ocrx_word' id='word_1_107' title='bbox 692 1583 849 1648; x_wconf 91' lang='lat' dir='ltr'><strong>Ludovici</strong></span> <span class='ocrx_word' id='word_1_108' title='bbox 870 1583 1058 1731; x_wconf 63' lang='lat' dir='ltr'><strong>intregnum</strong></span> <span class='ocrx_word' id='word_1_109' title='bbox 1080 1581 1273 1670; x_wconf 80' lang='lat' dir='ltr'><strong>Aquitaniae</strong></span> <span class='ocrx_word' id='word_1_110' title='bbox 1294 1585 1411 1670; x_wconf 89' lang='lat' dir='ltr'><strong>eiusque</strong></span> 
     </span>
     <span class='ocr_line' id='line_1_15' title="bbox 795 1688 950 1732; baseline -0.013 0"><span class='ocrx_word' id='word_1_111' title='bbox 795 1689 896 1732; x_wconf 87' lang='lat' dir='ltr'><strong>uxora</strong></span> <span class='ocrx_word' id='word_1_112' title='bbox 910 1688 950 1732; x_wconf 91' lang='lat'><strong>10.</strong></span> 
     </span>
    </p>
   </div>
   <div class='ocr_carea' id='block_1_4' title="bbox 256 1767 1411 2538">
    <p class='ocr_par' dir='ltr' id='par_1_4' title="bbox 256 1767 1411 2538">
     <span class='ocr_line' id='line_1_16' title="bbox 256 1767 1411 1868; baseline -0.003 -34"><span class='ocrx_word' id='word_1_113' title='bbox 256 1777 307 1819; x_wconf 75' lang='lat'><strong>⁹⁸2·</strong></span> <span class='ocrx_word' id='word_1_114' title='bbox 400 1769 488 1834; x_wconf 93' lang='lat' dir='ltr'><strong>Dum</strong></span> <span class='ocrx_word' id='word_1_115' title='bbox 517 1769 595 1834; x_wconf 87' lang='lat' dir='ltr'><strong>haec</strong></span> <span class='ocrx_word' id='word_1_116' title='bbox 623 1767 722 1834; x_wconf 91' lang='lat' dir='ltr'><strong>multo</strong></span> <span class='ocrx_word' id='word_1_117' title='bbox 745 1779 861 1834; x_wconf 90' lang='lat' dir='ltr'><strong>conatu</strong></span> <span class='ocrx_word' id='word_1_118' title='bbox 890 1769 1081 1855; x_wconf 83' lang='lat' dir='ltr'><strong>disponeret,</strong></span> <span class='ocrx_word' id='word_1_119' title='bbox 1102 1768 1156 1832; x_wconf 89' lang='lat' dir='ltr'><strong>alii</strong></span> <span class='ocrx_word' id='word_1_120' title='bbox 1179 1768 1310 1868; x_wconf 88' lang='lat' dir='ltr'><strong>quidam</strong></span> <span class='ocrx_word' id='word_1_121' title='bbox 1330 1769 1411 1832; x_wconf 91' lang='lat' dir='ltr'><strong>nimis</strong></span> 
     </span>
     <span class='ocr_line' id='line_1_17' title="bbox 318 1850 1410 1938; baseline -0.001 -23"><span class='ocrx_word' id='word_1_122' title='bbox 318 1850 423 1916; x_wconf 90' lang='lat' dir='ltr'><strong>callidi</strong></span> <span class='ocrx_word' id='word_1_123' title='bbox 444 1853 504 1916; x_wconf 89' lang='lat' dir='ltr'><strong>hoc</strong></span> <span class='ocrx_word' id='word_1_124' title='bbox 528 1863 698 1938; x_wconf 86' lang='lat' dir='ltr'><strong>comperto,</strong></span> <span class='ocrx_word' id='word_1_125' title='bbox 731 1875 803 1916; x_wconf 92' lang='lat' dir='ltr'><strong>cum</strong></span> <span class='ocrx_word' id='word_1_126' title='bbox 825 1852 1006 1918; x_wconf 88' lang='lat' dir='ltr'><strong>huiusmodi</strong></span> <span class='ocrx_word' id='word_1_127' title='bbox 1027 1851 1161 1937; x_wconf 91' lang='lat' dir='ltr'><strong>gloriam</strong></span> <span class='ocrx_word' id='word_1_128' title='bbox 1182 1877 1216 1916; x_wconf 93' lang='lat' dir='ltr'><strong>1n</strong></span> <span class='ocrx_word' id='word_1_129' title='bbox 1238 1875 1306 1918; x_wconf 87' lang='lat' dir='ltr'><strong>sese</strong></span> <span class='ocrx_word' id='word_1_130' title='bbox 1326 1862 1410 1917; x_wconf 90' lang='lat' dir='ltr'><strong>trans-</strong></span> 
     </span>
     <span class='ocr_line' id='line_1_18' title="bbox 317 1933 1411 2022; baseline -0.001 -23"><span class='ocrx_word' id='word_1_131' title='bbox 317 1934 449 2000; x_wconf 83' lang='lat' dir='ltr'><strong>fundere</strong></span> <span class='ocrx_word' id='word_1_132' title='bbox 470 1933 594 2018; x_wconf 89' lang='lat' dir='ltr'><strong>vellent,</strong></span> <span class='ocrx_word' id='word_1_133' title='bbox 623 1936 772 2000; x_wconf 86' lang='lat' dir='ltr'><strong>Emmam</strong></span> <span class='ocrx_word' id='word_1_134' title='bbox 799 1938 941 2022; x_wconf 89' lang='lat' dir='ltr'><strong>reginam</strong></span> <span class='ocrx_word' id='word_1_135' title='bbox 967 1936 1130 2019; x_wconf 86' lang='lat' dir='ltr'><strong>adeuntes,</strong></span> <span class='ocrx_word' id='word_1_136' title='bbox 1158 1959 1255 2022; x_wconf 88' lang='lat' dir='ltr'><strong>super</strong></span> <span class='ocrx_word' id='word_1_137' title='bbox 1286 1937 1411 2000; x_wconf 86' lang='lat' dir='ltr'><strong>maxima</strong></span> 
     </span>
     <span class='ocr_line' id='line_1_19' title="bbox 317 2017 1411 2106; baseline -0.001 -24"><span class='ocrx_word' id='word_1_138' title='bbox 317 2042 351 2084; x_wconf 89' lang='lat' dir='ltr'><strong>re</strong></span> <span class='ocrx_word' id='word_1_139' title='bbox 373 2042 407 2085; x_wconf 93' lang='lat' dir='ltr'><strong>se</strong></span> <span class='ocrx_word' id='word_1_140' title='bbox 429 2017 626 2085; x_wconf 86' lang='lat' dir='ltr'><strong>consulturos</strong></span> <span class='ocrx_word' id='word_1_141' title='bbox 649 2018 805 2084; x_wconf 87' lang='lat' dir='ltr'><strong>dixerunt.</strong></span> <span class='ocrx_word' id='word_1_142' title='bbox 850 2021 913 2102; x_wconf 78' lang='lat' dir='ltr'><strong>Qui</strong></span> <span class='ocrx_word' id='word_1_143' title='bbox 943 2022 1081 2106; x_wconf 88' lang='lat' dir='ltr'><strong>suscepti</strong></span> <span class='ocrx_word' id='word_1_144' title='bbox 1107 2043 1126 2084; x_wconf 94' lang='lat' dir='ltr'><strong>a</strong></span> <span class='ocrx_word' id='word_1_145' title='bbox 1153 2021 1265 2106; x_wconf 90' lang='lat' dir='ltr'><strong>regina</strong></span> <span class='ocrx_word' id='word_1_146' title='bbox 1303 2021 1335 2084; x_wconf 93' lang='lat' dir='ltr'><strong>id</strong></span> <span class='ocrx_word' id='word_1_147' title='bbox 1360 2018 1411 2084; x_wconf 86' lang='lat' dir='ltr'><strong>eibi</strong></span> 
     </span>
     <span class='ocr_line' id='line_1_20' title="bbox 316 2069 1411 2186; baseline -0.002 -18"><span class='ocrx_word' id='word_1_148' title='bbox 316 2103 419 2168; x_wconf 89' lang='lat' dir='ltr'><strong>videri</strong></span> <span class='ocrx_word' id='word_1_149' title='bbox 441 2126 459 2168; x_wconf 93' lang='lat'>0</span> <span class='ocrx_word' id='word_1_150' title='bbox 484 2105 596 2168; x_wconf 90' lang='lat' dir='ltr'><strong>timum</strong></span> <span class='ocrx_word' id='word_1_151' title='bbox 622 2103 779 2186; x_wconf 80' lang='lat' dir='ltr'><strong>dixerrmt,</strong></span> <span class='ocrx_word' id='word_1_152' title='bbox 808 2104 971 2170; x_wconf 88' lang='lat' dir='ltr'><strong>Ludovico</strong></span> <span class='ocrx_word' id='word_1_153' title='bbox 998 2128 1033 2169; x_wconf 89' lang='lat' dir='ltr'><strong>re</strong></span> <span class='ocrx_word' id='word_1_154' title='bbox 1058 2105 1068 2168; x_wconf 93' lang='lat' dir='ltr'><strong>i</strong></span> <span class='ocrx_word' id='word_1_155' title='bbox 1096 2069 1330 2169; x_wconf 82' lang='lat' dir='ltr'><strong>assciscendam</strong></span> <span class='ocrx_word' id='word_1_156' title='bbox 1351 2125 1411 2168; x_wconf 92' lang='lat' dir='ltr'><strong>con-</strong></span> 
     </span>
     <span class='ocr_line' id='line_1_21' title="bbox 316 2127 1411 2274; baseline -0.003 -22"><span class='ocrx_word' id='word_1_157' title='bbox 316 2189 423 2272; x_wconf 90' lang='lat' dir='ltr'><strong>iugem</strong></span> <span class='ocrx_word' id='word_1_158' title='bbox 477 2184 641 2270; x_wconf 89' lang='lat' dir='ltr'><strong>delaidem,</strong></span> <span class='ocrx_word' id='word_1_159' title='bbox 670 2187 870 2273; x_wconf 86' lang='lat' dir='ltr'><strong>Regemundi</strong></span> <span class='ocrx_word' id='word_1_160' title='bbox 896 2211 998 2274; x_wconf 88' lang='lat' dir='ltr'><strong>nuper</strong></span> <span class='ocrx_word' id='word_1_161' title='bbox 1026 2127 1165 2252; x_wconf 73' lang='lat' dir='ltr'><strong>defuncti</strong></span> <span class='ocrx_word' id='word_1_162' title='bbox 1194 2187 1285 2252; x_wconf 91' lang='lat' dir='ltr'><strong>ducis</strong></span> <span class='ocrx_word' id='word_1_163' title='bbox 1308 2187 1411 2254; x_wconf 82' lang='lat' dir='ltr'><strong>Gotho-</strong></span> 
     </span>
     <span class='ocr_line' id='line_1_22' title="bbox 317 2271 1411 2358; baseline -0.003 -22"><span class='ocrx_word' id='word_1_164' title='bbox 317 2294 388 2336; x_wconf 91' lang='lat' dir='ltr'><strong>rum</strong></span> <span class='ocrx_word' id='word_1_165' title='bbox 410 2271 485 2337; x_wconf 91' lang='lat' dir='ltr'><strong>olim</strong></span> <span class='ocrx_word' id='word_1_166' title='bbox 506 2293 648 2337; x_wconf 85' lang='lat' dir='ltr'><strong>uxorem.</strong></span> <span class='ocrx_word' id='word_1_167' title='bbox 685 2272 728 2336; x_wconf 83' lang='lat' dir='ltr'><strong>Et</strong></span> <span class='ocrx_word' id='word_1_168' title='bbox 749 2294 812 2336; x_wconf 91' lang='lat' dir='ltr'><strong>non</strong></span> <span class='ocrx_word' id='word_1_169' title='bbox 834 2295 886 2335; x_wconf 92' lang='lat' dir='ltr'><strong>ma</strong></span> <span class='ocrx_word' id='word_1_170' title='bbox 909 2273 936 2337; x_wconf 91' lang='lat' dir='ltr'><strong>is</strong></span> <span class='ocrx_word' id='word_1_171' title='bbox 951 2273 1126 2358; x_wconf 90' lang='lat' dir='ltr'><strong>potentiam</strong></span> <span class='ocrx_word' id='word_1_172' title='bbox 1140 2273 1296 2356; x_wconf 88' lang='lat' dir='ltr'><strong>regnandi</strong></span> <span class='ocrx_word' id='word_1_173' title='bbox 1310 2295 1348 2337; x_wconf 87' lang='lat' dir='ltr'><strong>ex</strong></span> <span class='ocrx_word' id='word_1_174' title='bbox 1361 2271 1411 2334; x_wconf 91' lang='lat' dir='ltr'><strong>hoc</strong></span> 
     </span>
     <span class='ocr_line' id='line_1_23' title="bbox 316 2295 1411 2442; baseline -0.001 -22"><span class='ocrx_word' id='word_1_175' title='bbox 316 2378 410 2442; x_wconf 89' lang='lat' dir='ltr'><strong>posse</strong></span> <span class='ocrx_word' id='word_1_176' title='bbox 431 2357 549 2441; x_wconf 89' lang='lat' dir='ltr'><strong>augeri,</strong></span> <span class='ocrx_word' id='word_1_177' title='bbox 595 2378 669 2420; x_wconf 90' lang='lat' dir='ltr'><strong>uam</strong></span> <span class='ocrx_word' id='word_1_178' title='bbox 692 2354 753 2420; x_wconf 88' lang='lat' dir='ltr'><strong>sibi</strong></span> <span class='ocrx_word' id='word_1_179' title='bbox 773 2295 923 2420; x_wconf 65' lang='lat' dir='ltr'><strong>nonnulis</strong></span> <span class='ocrx_word' id='word_1_180' title='bbox 945 2356 1111 2420; x_wconf 89' lang='lat' dir='ltr'><strong>commoda</strong></span> <span class='ocrx_word' id='word_1_181' title='bbox 1138 2355 1275 2442; x_wconf 89' lang='lat' dir='ltr'><strong>adquiri.</strong></span> <span class='ocrx_word' id='word_1_182' title='bbox 1318 2357 1411 2420; x_wconf 88' lang='lat' dir='ltr'><strong>Enim·</strong></span> 
     </span>
     <span class='ocr_line' id='line_1_24' title="bbox 316 2437 1411 2538; baseline -0.003 -34"><span class='ocrx_word' id='word_1_183' title='bbox 316 2439 561 2537; x_wconf 32' lang='lat' dir='ltr'><strong>veronpossibile</strong></span> <span class='ocrx_word' id='word_1_184' title='bbox 607 2442 661 2538; x_wconf 77' lang='lat' dir='ltr'><strong>eri,</strong></span> <span class='ocrx_word' id='word_1_185' title='bbox 682 2450 781 2505; x_wconf 86' lang='lat' dir='ltr'><strong>totam</strong></span> <span class='ocrx_word' id='word_1_186' title='bbox 802 2440 1007 2526; x_wconf 86' lang='lat' dir='ltr'><strong>Aquitaniam</strong></span> <span class='ocrx_word' id='word_1_187' title='bbox 1029 2439 1185 2526; x_wconf 90' lang='lat' dir='ltr'><strong>simulque</strong></span> <span class='ocrx_word' id='word_1_188' title='bbox 1207 2451 1239 2505; x_wconf 87' lang='lat' dir='ltr'><strong>et</strong></span> <span class='ocrx_word' id='word_1_189' title='bbox 1254 2437 1411 2505; x_wconf 74' lang='lat' dir='ltr'><strong>(iothiaml</strong></span> 
     </span>
    </p>
   </div>
   <div class='ocr_carea' id='block_1_5' title="bbox 317 2522 1411 2671">
    <p class='ocr_par' dir='ltr' id='par_1_5' title="bbox 317 2522 1411 2671">
     <span class='ocr_line' id='line_1_25' title="bbox 317 2522 1411 2671; baseline -0.003 -85"><span class='ocrx_word' id='word_1_190' title='bbox 317 2542 373 2586; x_wconf 91' lang='lat' dir='ltr'><strong>suo</strong></span> <span class='ocrx_word' id='word_1_191' title='bbox 395 2524 527 2608; x_wconf 81' lang='lat' dir='ltr'><strong>smperio</strong></span> <span class='ocrx_word' id='word_1_192' title='bbox 548 2525 697 2609; x_wconf 87' lang='lat' dir='ltr'><strong>asstrmgi</strong></span> <span class='ocrx_word' id='word_1_193' title='bbox 709 2545 820 2671; x_wconf 72' lang='lat' dir='ltr'><strong>posse,</strong></span> <span class='ocrx_word' id='word_1_194' title='bbox 842 2533 1011 2623; x_wconf 80' lang='lat' dir='ltr'><strong>postquam</strong></span> <span class='ocrx_word' id='word_1_195' title='bbox 1033 2547 1074 2588; x_wconf 87' lang='lat' dir='ltr'><strong>ex</strong></span> <span class='ocrx_word' id='word_1_196' title='bbox 1094 2525 1162 2588; x_wconf 89' lang='lat' dir='ltr'><strong>iure</strong></span> <span class='ocrx_word' id='word_1_197' title='bbox 1184 2523 1297 2590; x_wconf 90' lang='lat' dir='ltr'><strong>ductae</strong></span> <span class='ocrx_word' id='word_1_198' title='bbox 1318 2522 1411 2587; x_wconf 88' lang='lat' dir='ltr'><strong>uxoris</strong></span> 
     </span>
    </p>
   </div>
   <div class='ocr_carea' id='block_1_6' title="bbox 316 2603 1412 3677">
    <p class='ocr_par' dir='ltr' id='par_1_6' title="bbox 316 2603 1412 3677">
     <span class='ocr_line' id='line_1_26' title="bbox 318 2603 1412 2704; baseline -0.002 -36"><span class='ocrx_word' id='word_1_199' title='bbox 318 2603 437 2704; x_wconf 90' lang='lat' dir='ltr'><strong>oppida</strong></span> <span class='ocrx_word' id='word_1_200' title='bbox 457 2607 707 2671; x_wconf 90' lang='lat' dir='ltr'><strong>munitissimaa</strong></span> <span class='ocrx_word' id='word_1_201' title='bbox 751 2630 843 2672; x_wconf 92' lang='lat' dir='ltr'><strong>suum</strong></span> <span class='ocrx_word' id='word_1_202' title='bbox 864 2631 914 2672; x_wconf 93' lang='lat' dir='ltr'><strong>1us</strong></span> <span class='ocrx_word' id='word_1_203' title='bbox 928 2616 1131 2693; x_wconf 87' lang='lat' dir='ltr'><strong>retorqueret.</strong></span> <span class='ocrx_word' id='word_1_204' title='bbox 1163 2607 1218 2670; x_wconf 88' lang='lat' dir='ltr'><strong>Ma</strong></span> <span class='ocrx_word' id='word_1_205' title='bbox 1264 2631 1318 2672; x_wconf 91' lang='lat' dir='ltr'><strong>um</strong></span> <span class='ocrx_word' id='word_1_206' title='bbox 1331 2607 1412 2673; x_wconf 87' lang='lat' dir='ltr'><strong>etiam</strong></span> 
     </span>
     <span class='ocr_line' id='line_1_27' title="bbox 318 2631 1411 2778; baseline -0.001 -26"><span class='ocrx_word' id='word_1_207' title='bbox 318 2686 469 2774; x_wconf 76' lang='lat' dir='ltr'><strong>quiddam</strong></span> <span class='ocrx_word' id='word_1_208' title='bbox 494 2689 527 2752; x_wconf 90' lang='lat' dir='ltr'><strong>in</strong></span> <span class='ocrx_word' id='word_1_209' title='bbox 554 2689 613 2754; x_wconf 94' lang='lat' dir='ltr'><strong>hac</strong></span> <span class='ocrx_word' id='word_1_210' title='bbox 634 2714 668 2755; x_wconf 93' lang='lat' dir='ltr'><strong>re</strong></span> <span class='ocrx_word' id='word_1_211' title='bbox 691 2701 722 2756; x_wconf 90' lang='lat' dir='ltr'><strong>et</strong></span> <span class='ocrx_word' id='word_1_212' title='bbox 743 2689 817 2756; x_wconf 93' lang='lat' dir='ltr'><strong>utile</strong></span> <span class='ocrx_word' id='word_1_213' title='bbox 841 2693 1029 2778; x_wconf 89' lang='lat' dir='ltr'><strong>comparari,</strong></span> <span class='ocrx_word' id='word_1_214' title='bbox 1055 2693 1092 2773; x_wconf 91' lang='lat' dir='ltr'><strong>si,</strong></span> <span class='ocrx_word' id='word_1_215' title='bbox 1136 2701 1203 2756; x_wconf 87' lang='lat' dir='ltr'><strong>atre</strong></span> <span class='ocrx_word' id='word_1_216' title='bbox 1218 2631 1299 2758; x_wconf 53' lang='lat' dir='ltr'><strong>{inc</strong></span> <span class='ocrx_word' id='word_1_217' title='bbox 1320 2692 1411 2778; x_wconf 89' lang='lat' dir='ltr'><strong>posito</strong></span> 
     </span>
     <span class='ocr_line' id='line_1_28' title="bbox 318 2714 1411 2860; baseline -0.002 -23"><span class='ocrx_word' id='word_1_218' title='bbox 318 2782 349 2837; x_wconf 89' lang='lat' dir='ltr'><strong>et</strong></span> <span class='ocrx_word' id='word_1_219' title='bbox 369 2769 455 2835; x_wconf 91' lang='lat' dir='ltr'><strong>illinc</strong></span> <span class='ocrx_word' id='word_1_220' title='bbox 484 2771 558 2853; x_wconf 87' lang='lat' dir='ltr'><strong>filio,</strong></span> <span class='ocrx_word' id='word_1_221' title='bbox 588 2773 654 2838; x_wconf 88' lang='lat' dir='ltr'><strong>dux</strong></span> <span class='ocrx_word' id='word_1_222' title='bbox 684 2775 778 2838; x_wconf 91' lang='lat' dir='ltr'><strong>ceteri</strong></span> <span class='ocrx_word' id='word_1_223' title='bbox 802 2798 842 2839; x_wconf 91' lang='lat' dir='ltr'><strong>ue</strong></span> <span class='ocrx_word' id='word_1_224' title='bbox 868 2773 974 2840; x_wconf 90' lang='lat' dir='ltr'><strong>hostes</strong></span> <span class='ocrx_word' id='word_1_225' title='bbox 996 2776 1030 2838; x_wconf 94' lang='lat' dir='ltr'><strong>in</strong></span> <span class='ocrx_word' id='word_1_226' title='bbox 1051 2714 1156 2840; x_wconf 88' lang='lat' dir='ltr'><strong>medio</strong></span> <span class='ocrx_word' id='word_1_227' title='bbox 1184 2774 1333 2856; x_wconf 85' lang='lat' dir='ltr'><strong>conclusi,</strong></span> <span class='ocrx_word' id='word_1_228' title='bbox 1353 2795 1411 2860; x_wconf 89' lang='lat' dir='ltr'><strong>per·</strong></span> 
     </span>
     <span class='ocr_line' id='line_1_29' title="bbox 317 2797 1410 2946; baseline 0.002 -26"><span class='ocrx_word' id='word_1_229' title='bbox 317 2863 412 2940; x_wconf 88' lang='lat' dir='ltr'><strong>petuo</strong></span> <span class='ocrx_word' id='word_1_230' title='bbox 434 2866 616 2940; x_wconf 84' lang='lat' dir='ltr'><strong>urgeantur.</strong></span> <span class='ocrx_word' id='word_1_231' title='bbox 660 2856 738 2946; x_wconf 87' lang='grc'>(93.)</span> <span class='ocrx_word' id='word_1_232' title='bbox 770 2797 874 2923; x_wconf 76' lang='lat' dir='ltr'><strong>[iuius</strong></span> <span class='ocrx_word' id='word_1_233' title='bbox 901 2859 1031 2923; x_wconf 90' lang='lat' dir='ltr'><strong>rationis</strong></span> <span class='ocrx_word' id='word_1_234' title='bbox 1060 2858 1227 2928; x_wconf 82' lang='lat' dir='ltr'><strong>consilium</strong></span> <span class='ocrx_word' id='word_1_235' title='bbox 1255 2871 1328 2946; x_wconf 92' lang='lat' dir='ltr'><strong>post</strong></span> <span class='ocrx_word' id='word_1_236' title='bbox 1350 2878 1410 2922; x_wconf 87' lang='lat' dir='ltr'><strong>uam</strong></span> 
     </span>
     <span class='ocr_line' id='line_1_30' title="bbox 316 2882 1411 3029; baseline 0 -27"><span class='ocrx_word' id='word_1_237' title='bbox 316 2961 351 3003; x_wconf 93' lang='lat' dir='ltr'><strong>re</strong></span> <span class='ocrx_word' id='word_1_238' title='bbox 377 2940 384 2954; x_wconf 89' lang='lat'>&#39;</span> <span class='ocrx_word' id='word_1_239' title='bbox 407 2949 591 3026; x_wconf 88' lang='lat' dir='ltr'><strong>suggestum</strong></span> <span class='ocrx_word' id='word_1_240' title='bbox 621 2951 677 3024; x_wconf 90' lang='lat' dir='ltr'><strong>est,</strong></span> <span class='ocrx_word' id='word_1_241' title='bbox 706 2943 791 3026; x_wconf 91' lang='lat' dir='ltr'><strong>apud</strong></span> <span class='ocrx_word' id='word_1_242' title='bbox 818 2941 1011 3008; x_wconf 81' lang='lat' dir='ltr'><strong>Gozfredum</strong></span> <span class='ocrx_word' id='word_1_243' title='bbox 1040 2944 1197 3025; x_wconf 89' lang='lat' dir='ltr'><strong>comitem,</strong></span> <span class='ocrx_word' id='word_1_244' title='bbox 1226 2945 1282 3029; x_wconf 93' lang='lat' dir='ltr'><strong>qui</strong></span> <span class='ocrx_word' id='word_1_245' title='bbox 1306 2882 1411 3019; x_wconf 83' lang='lat' dir='ltr'><strong>aderat,</strong></span> 
     </span>
     <span class='ocr_line' id='line_1_31' title="bbox 319 3023 1411 3112; baseline 0.001 -27"><span class='ocrx_word' id='word_1_246' title='bbox 319 3023 498 3087; x_wconf 90' lang='lat' dir='ltr'><strong>orinatum</strong></span> <span class='ocrx_word' id='word_1_247' title='bbox 519 3023 628 3089; x_wconf 88' lang='lat' dir='ltr'><strong>valuit.</strong></span> <span class='ocrx_word' id='word_1_248' title='bbox 671 3025 761 3090; x_wconf 91' lang='lat' dir='ltr'><strong>Haec</strong></span> <span class='ocrx_word' id='word_1_249' title='bbox 790 3026 872 3091; x_wconf 89' lang='lat' dir='ltr'><strong>duce</strong></span> <span class='ocrx_word' id='word_1_250' title='bbox 894 3027 1061 3112; x_wconf 80' lang='lat' dir='ltr'><strong>ignorante</strong></span> <span class='ocrx_word' id='word_1_251' title='bbox 1087 3025 1291 3112; x_wconf 86' lang='lat' dir='ltr'><strong>parabantur.</strong></span> <span class='ocrx_word' id='word_1_252' title='bbox 1333 3029 1411 3107; x_wconf 77' lang='lat' dir='ltr'><strong>Quae</strong></span> 
     </span>
     <span class='ocr_line' id='line_1_32' title="bbox 318 3107 1410 3196; baseline -0.001 -25"><span class='ocrx_word' id='word_1_253' title='bbox 318 3128 392 3171; x_wconf 91' lang='lat' dir='ltr'><strong>cum</strong></span> <span class='ocrx_word' id='word_1_254' title='bbox 413 3117 486 3192; x_wconf 90' lang='lat' dir='ltr'><strong>post</strong></span> <span class='ocrx_word' id='word_1_255' title='bbox 506 3107 789 3191; x_wconf 89' lang='lat' dir='ltr'><strong>animadvertisset,</strong></span> <span class='ocrx_word' id='word_1_256' title='bbox 811 3133 850 3174; x_wconf 90' lang='lat' dir='ltr'><strong>ne</strong></span> <span class='ocrx_word' id='word_1_257' title='bbox 872 3109 1001 3196; x_wconf 87' lang='lat' dir='ltr'><strong>regibus</strong></span> <span class='ocrx_word' id='word_1_258' title='bbox 1022 3111 1090 3175; x_wconf 90' lang='lat' dir='ltr'><strong>fieri</strong></span> <span class='ocrx_word' id='word_1_259' title='bbox 1104 3109 1268 3176; x_wconf 89' lang='lat' dir='ltr'><strong>videretur</strong></span> <span class='ocrx_word' id='word_1_260' title='bbox 1282 3111 1410 3187; x_wconf 89' lang='lat' dir='ltr'><strong>iniurius,</strong></span> 
     </span>
     <span class='ocr_line' id='line_1_33' title="bbox 318 3189 1410 3280; baseline 0.003 -27"><span class='ocrx_word' id='word_1_261' title='bbox 318 3189 540 3256; x_wconf 90' lang='lat' dir='ltr'><strong>contumeliam</strong></span> <span class='ocrx_word' id='word_1_262' title='bbox 563 3191 774 3276; x_wconf 87' lang='lat' dir='ltr'><strong>dissimulans,</strong></span> <span class='ocrx_word' id='word_1_263' title='bbox 795 3192 873 3258; x_wconf 90' lang='lat' dir='ltr'><strong>nihil</strong></span> <span class='ocrx_word' id='word_1_264' title='bbox 893 3195 1019 3280; x_wconf 89' lang='lat' dir='ltr'><strong>penitus</strong></span> <span class='ocrx_word' id='word_1_265' title='bbox 1040 3193 1231 3279; x_wconf 80' lang='lat' dir='ltr'><strong>refragratus</strong></span> <span class='ocrx_word' id='word_1_266' title='bbox 1254 3205 1311 3260; x_wconf 90' lang='lat' dir='ltr'><strong>est.</strong></span> <span class='ocrx_word' id='word_1_267' title='bbox 1341 3195 1410 3258; x_wconf 91' lang='lat' dir='ltr'><strong>Inte-</strong></span> 
     </span>
     <span class='ocr_line' id='line_1_34' title="bbox 316 3273 1411 3364; baseline 0 -26"><span class='ocrx_word' id='word_1_268' title='bbox 316 3296 371 3339; x_wconf 92' lang='lat' dir='ltr'><strong>rea</strong></span> <span class='ocrx_word' id='word_1_269' title='bbox 393 3273 531 3342; x_wconf 88' lang='lat' dir='ltr'><strong>collectis</strong></span> <span class='ocrx_word' id='word_1_270' title='bbox 558 3279 647 3362; x_wconf 87' lang='lat' dir='ltr'><strong>regni</strong></span> <span class='ocrx_word' id='word_1_271' title='bbox 677 3276 891 3363; x_wconf 89' lang='lat' dir='ltr'><strong>principibus,</strong></span> <span class='ocrx_word' id='word_1_272' title='bbox 923 3279 1080 3343; x_wconf 89' lang='lat' dir='ltr'><strong>euitatus</strong></span> <span class='ocrx_word' id='word_1_273' title='bbox 1105 3279 1211 3362; x_wconf 89' lang='lat' dir='ltr'><strong>regius</strong></span> <span class='ocrx_word' id='word_1_274' title='bbox 1237 3278 1411 3364; x_wconf 81' lang='lat' dir='ltr'><strong>disponitur,</strong></span> 
     </span>
     <span class='ocr_line' id='line_1_35' title="bbox 316 3299 1410 3461; baseline -0.002 -39"><span class='ocrx_word' id='word_1_275' title='bbox 316 3359 453 3444; x_wconf 89' lang='lat' dir='ltr'><strong>insignia</strong></span> <span class='ocrx_word' id='word_1_276' title='bbox 473 3361 563 3445; x_wconf 90' lang='lat' dir='ltr'><strong>regia</strong></span> <span class='ocrx_word' id='word_1_277' title='bbox 583 3359 787 3442; x_wconf 73' lang='lat' dir='ltr'><strong>invehuntur,</strong></span> <span class='ocrx_word' id='word_1_278' title='bbox 815 3361 879 3426; x_wconf 92' lang='lat' dir='ltr'><strong>cibi</strong></span> <span class='ocrx_word' id='word_1_279' title='bbox 899 3299 1088 3461; x_wconf 81' lang='lat' dir='ltr'><strong>mditiplices</strong></span> <span class='ocrx_word' id='word_1_280' title='bbox 1103 3363 1249 3448; x_wconf 88' lang='lat' dir='ltr'><strong>apparati</strong></span> <span class='ocrx_word' id='word_1_281' title='bbox 1272 3359 1410 3428; x_wconf 77' lang='lat' dir='ltr'><strong>vehiedis</strong></span> 
     </span>
     <span class='ocr_line' id='line_1_36' title="bbox 316 3443 1409 3531; baseline -0.002 -25"><span class='ocrx_word' id='word_1_282' title='bbox 316 3443 530 3529; x_wconf 91' lang='lat' dir='ltr'><strong>imponuntur.</strong></span> <span class='ocrx_word' id='word_1_283' title='bbox 568 3443 692 3525; x_wconf 75' lang='lat' dir='ltr'><strong>Quibus</strong></span> <span class='ocrx_word' id='word_1_284' title='bbox 713 3445 800 3526; x_wconf 90' lang='lat' dir='ltr'><strong>actis,</strong></span> <span class='ocrx_word' id='word_1_285' title='bbox 822 3467 914 3530; x_wconf 85' lang='lat' dir='ltr'><strong>reges</strong></span> <span class='ocrx_word' id='word_1_286' title='bbox 935 3455 1060 3531; x_wconf 83' lang='lat' dir='ltr'><strong>utrrque</strong></span> <span class='ocrx_word' id='word_1_287' title='bbox 1076 3467 1149 3508; x_wconf 93' lang='lat' dir='ltr'><strong>cum</strong></span> <span class='ocrx_word' id='word_1_288' title='bbox 1164 3444 1263 3511; x_wconf 91' lang='lat' dir='ltr'><strong>multo</strong></span> <span class='ocrx_word' id='word_1_289' title='bbox 1283 3469 1300 3511; x_wconf 91' lang='lat' dir='ltr'><strong>e</strong></span> <span class='ocrx_word' id='word_1_290' title='bbox 1322 3446 1409 3509; x_wconf 91' lang='lat' dir='ltr'><strong>uitatu</strong></span> 
     </span>
     <span class='ocr_line' id='line_1_37' title="bbox 316 3468 1411 3616; baseline -0.002 -28"><span class='ocrx_word' id='word_1_291' title='bbox 316 3527 350 3588; x_wconf 94' lang='lat' dir='ltr'><strong>in</strong></span> <span class='ocrx_word' id='word_1_292' title='bbox 371 3527 577 3612; x_wconf 86' lang='lat' dir='ltr'><strong>Aquitaniam</strong></span> <span class='ocrx_word' id='word_1_293' title='bbox 598 3528 732 3614; x_wconf 88' lang='lat' dir='ltr'><strong>profecti</strong></span> <span class='ocrx_word' id='word_1_294' title='bbox 747 3540 819 3595; x_wconf 88' lang='lat' dir='ltr'><strong>sunt</strong></span> <span class='ocrx_word' id='word_1_295' title='bbox 841 3540 1042 3616; x_wconf 88' lang='lat' dir='ltr'><strong>castrumque</strong></span> <span class='ocrx_word' id='word_1_296' title='bbox 1064 3527 1218 3593; x_wconf 89' lang='lat' dir='ltr'><strong>Briddam</strong></span> <span class='ocrx_word' id='word_1_297' title='bbox 1234 3468 1322 3616; x_wconf 83' lang='lat' dir='ltr'><strong>quod</strong></span> <span class='ocrx_word' id='word_1_298' title='bbox 1331 3537 1411 3594; x_wconf 89' lang='lat' dir='ltr'><strong>vetus</strong></span> 
     </span>
     <span class='ocr_line' id='line_1_38' title="bbox 317 3608 677 3677; baseline 0.011 -5"><span class='ocrx_word' id='word_1_299' title='bbox 317 3608 452 3674; x_wconf 80' lang='lat' dir='ltr'><strong>dicitur²</strong></span> <span class='ocrx_word' id='word_1_300' title='bbox 475 3609 677 3677; x_wconf 83' lang='lat' dir='ltr'><strong>devenerunt.</strong></span> 
     </span>
    </p>
   </div>
   <div class='ocr_carea' id='block_1_7' title="bbox 313 3789 1409 3902">
    <p class='ocr_par' dir='ltr' id='par_1_7' title="bbox 313 3789 1409 3902">
     <span class='ocr_line' id='line_1_39' title="bbox 376 3789 1409 3846; baseline -0.002 -17"><span class='ocrx_word' id='word_1_301' title='bbox 376 3789 399 3842; x_wconf 84' lang='lat' dir='ltr'><strong>a)</strong></span> <span class='ocrx_word' id='word_1_302' title='bbox 416 3801 433 3830; x_wconf 91' lang='lat' dir='ltr'><strong>s.</strong></span> <span class='ocrx_word' id='word_1_303' title='bbox 454 3801 496 3841; x_wconf 87' lang='lat' dir='ltr'><strong>per</strong></span> <span class='ocrx_word' id='word_1_304' title='bbox 515 3793 592 3832; x_wconf 83' lang='lat' dir='ltr'><strong>omnia</strong></span> <span class='ocrx_word' id='word_1_305' title='bbox 608 3793 627 3834; x_wconf 91' lang='lat'><strong>1.</strong></span> <span class='ocrx_word' id='word_1_306' title='bbox 709 3793 733 3846; x_wconf 85' lang='lat' dir='ltr'><strong>b)</strong></span> <span class='ocrx_word' id='word_1_307' title='bbox 749 3794 899 3845; x_wconf 82' lang='lat' dir='ltr'><strong>supplialoem</strong></span> <span class='ocrx_word' id='word_1_308' title='bbox 914 3805 931 3837; x_wconf 84' lang='lat' dir='ltr'><strong>o.</strong></span> <span class='ocrx_word' id='word_1_309' title='bbox 1015 3791 1036 3845; x_wconf 88' lang='lat' dir='ltr'><strong>e)</strong></span> <span class='ocrx_word' id='word_1_310' title='bbox 1053 3793 1173 3834; x_wconf 77' lang='lat' dir='ltr'><strong>efficatiter</strong></span> <span class='ocrx_word' id='word_1_311' title='bbox 1191 3805 1208 3836; x_wconf 85' lang='lat' dir='ltr'><strong>o.</strong></span> <span class='ocrx_word' id='word_1_312' title='bbox 1291 3792 1314 3846; x_wconf 90' lang='lat' dir='ltr'><strong>d)</strong></span> <span class='ocrx_word' id='word_1_313' title='bbox 1330 3792 1409 3834; x_wconf 75' lang='lat' dir='ltr'><strong>Guttam</strong></span> 
     </span>
     <span class='ocr_line' id='line_1_40' title="bbox 313 3848 518 3902; baseline 0.01 -14"><span class='ocrx_word' id='word_1_314' title='bbox 313 3859 372 3890; x_wconf 73' lang='lat' dir='ltr'><strong>corr.</strong></span> <span class='ocrx_word' id='word_1_315' title='bbox 388 3848 518 3902; x_wconf 48' lang='lat' dir='ltr'><strong>‚sothim</strong></span> 
     </span>
    </p>
   </div>
   <div class='ocr_carea' id='block_1_8' title="bbox 315 3980 1409 4402">
    <p class='ocr_par' dir='ltr' id='par_1_8' title="bbox 315 3980 1409 4402">
     <span class='ocr_line' id='line_1_41' title="bbox 391 3980 1409 4047; baseline -0.004 -14"><span class='ocrx_word' id='word_1_316' title='bbox 391 3980 418 4047; x_wconf 85' lang='grc'><strong>1)</strong></span> <span class='ocrx_word' id='word_1_317' title='bbox 438 3983 512 4045; x_wconf 78' lang='lat' dir='ltr'><strong>Quae</strong></span> <span class='ocrx_word' id='word_1_318' title='bbox 539 3999 599 4034; x_wconf 90' lang='lat' dir='ltr'><strong>cum</strong></span> <span class='ocrx_word' id='word_1_319' title='bbox 624 3984 677 4033; x_wconf 91' lang='lat' dir='ltr'><strong>iam</strong></span> <span class='ocrx_word' id='word_1_320' title='bbox 704 3998 727 4034; x_wconf 89' lang='lat' dir='ltr'><strong>a.</strong></span> <span class='ocrx_word' id='word_1_321' title='bbox 748 3984 810 4035; x_wconf 80' lang='grc'><strong>979.</strong></span> <span class='ocrx_word' id='word_1_322' title='bbox 830 3983 1000 4046; x_wconf 87' lang='lat' dir='ltr'><strong>accidissent,</strong></span> <span class='ocrx_word' id='word_1_323' title='bbox 1027 3984 1090 4036; x_wconf 90' lang='lat' dir='ltr'><strong>ordo</strong></span> <span class='ocrx_word' id='word_1_324' title='bbox 1118 3999 1203 4035; x_wconf 87' lang='lat' dir='ltr'><strong>rerum</strong></span> <span class='ocrx_word' id='word_1_325' title='bbox 1230 3999 1246 4034; x_wconf 88' lang='lat' dir='ltr'><strong>a</strong></span> <span class='ocrx_word' id='word_1_326' title='bbox 1270 3988 1356 4034; x_wconf 88' lang='lat' dir='ltr'><strong>nostro</strong></span> <span class='ocrx_word' id='word_1_327' title='bbox 1376 3980 1409 4028; x_wconf 91' lang='lat' dir='ltr'><strong>in·</strong></span> 
     </span>
     <span class='ocr_line' id='line_1_42' title="bbox 315 4054 1409 4122; baseline -0.002 -14"><span class='ocrx_word' id='word_1_328' title='bbox 315 4071 406 4108; x_wconf 86' lang='lat' dir='ltr'><strong>versus</strong></span> <span class='ocrx_word' id='word_1_329' title='bbox 433 4072 491 4108; x_wconf 89' lang='lat' dir='ltr'><strong>asse</strong></span> <span class='ocrx_word' id='word_1_330' title='bbox 510 4056 627 4120; x_wconf 87' lang='lat' dir='ltr'><strong>videtur;</strong></span> <span class='ocrx_word' id='word_1_331' title='bbox 653 4057 705 4107; x_wconf 91' lang='lat' dir='ltr'><strong>nisi</strong></span> <span class='ocrx_word' id='word_1_332' title='bbox 731 4071 799 4106; x_wconf 88' lang='lat' dir='ltr'><strong>anno</strong></span> <span class='ocrx_word' id='word_1_333' title='bbox 825 4054 886 4108; x_wconf 83' lang='lat'><strong>981.</strong></span> <span class='ocrx_word' id='word_1_334' title='bbox 913 4058 1028 4122; x_wconf 86' lang='lat' dir='ltr'><strong>Hugone</strong></span> <span class='ocrx_word' id='word_1_335' title='bbox 1051 4059 1214 4109; x_wconf 85' lang='lat' dir='ltr'><strong>assentiente</strong></span> <span class='ocrx_word' id='word_1_336' title='bbox 1239 4057 1347 4108; x_wconf 80' lang='lat' dir='ltr'><strong>fortasse</strong></span> <span class='ocrx_word' id='word_1_337' title='bbox 1370 4065 1409 4101; x_wconf 82' lang='lat' dir='ltr'><strong>rer</strong></span> 
     </span>
     <span class='ocr_line' id='line_1_43' title="bbox 317 4125 1407 4196; baseline -0.006 -17"><span class='ocrx_word' id='word_1_338' title='bbox 317 4129 483 4182; x_wconf 85' lang='lat' dir='ltr'><strong>confirmatus</strong></span> <span class='ocrx_word' id='word_1_339' title='bbox 501 4132 544 4184; x_wconf 89' lang='lat' dir='ltr'><strong>sit.</strong></span> <span class='ocrx_word' id='word_1_340' title='bbox 570 4129 710 4195; x_wconf 76' lang='lat' dir='ltr'><strong>singulare</strong></span> <span class='ocrx_word' id='word_1_341' title='bbox 730 4129 844 4196; x_wconf 88' lang='lat' dir='ltr'><strong>quidem,</strong></span> <span class='ocrx_word' id='word_1_342' title='bbox 863 4131 891 4180; x_wconf 91' lang='lat' dir='ltr'><strong>in</strong></span> <span class='ocrx_word' id='word_1_343' title='bbox 911 4132 1008 4183; x_wconf 84' lang='lat' dir='ltr'><strong>chartis</strong></span> <span class='ocrx_word' id='word_1_344' title='bbox 1027 4131 1147 4183; x_wconf 90' lang='lat' dir='ltr'><strong>Lotharii</strong></span> <span class='ocrx_word' id='word_1_345' title='bbox 1166 4130 1269 4182; x_wconf 86' lang='lat' dir='ltr'><strong>duabus</strong></span> <span class='ocrx_word' id='word_1_346' title='bbox 1282 4130 1306 4180; x_wconf 87' lang='lat' dir='ltr'><strong>d.</strong></span> <span class='ocrx_word' id='word_1_347' title='bbox 1319 4127 1376 4180; x_wconf 89' lang='lat' dir='ltr'><strong>Iulii</strong></span> <span class='ocrx_word' id='word_1_348' title='bbox 1388 4125 1407 4173; x_wconf 91' lang='grc'><strong>9.</strong></span> 
     </span>
     <span class='ocr_line' id='line_1_44' title="bbox 316 4196 1409 4271; baseline -0.002 -20"><span class='ocrx_word' id='word_1_349' title='bbox 316 4203 379 4252; x_wconf 89' lang='lat' dir='ltr'><strong>anni</strong></span> <span class='ocrx_word' id='word_1_350' title='bbox 398 4202 461 4266; x_wconf 83' lang='grc'><strong>981,</strong></span> <span class='ocrx_word' id='word_1_351' title='bbox 479 4204 564 4271; x_wconf 88' lang='lat' dir='ltr'><strong>iisque</strong></span> <span class='ocrx_word' id='word_1_352' title='bbox 583 4203 655 4267; x_wconf 90' lang='lat' dir='ltr'><strong>solis,</strong></span> <span class='ocrx_word' id='word_1_353' title='bbox 673 4203 812 4254; x_wconf 84' lang='lat' dir='ltr'><strong>formulam</strong></span> <span class='ocrx_word' id='word_1_354' title='bbox 831 4203 898 4267; x_wconf 86' lang='lat' dir='ltr'><strong>legi:</strong></span> <span class='ocrx_word' id='word_1_355' title='bbox 918 4203 1019 4255; x_wconf 86' lang='lat' dir='ltr'><strong>Datum</strong></span> <span class='ocrx_word' id='word_1_356' title='bbox 1039 4231 1072 4241; x_wconf 96' lang='lat'>-</span> <span class='ocrx_word' id='word_1_357' title='bbox 1085 4205 1143 4271; x_wconf 82' lang='lat' dir='ltr'><strong>filio</strong></span> <span class='ocrx_word' id='word_1_358' title='bbox 1163 4219 1224 4254; x_wconf 86' lang='lat' dir='ltr'><strong>aero</strong></span> <span class='ocrx_word' id='word_1_359' title='bbox 1243 4203 1299 4255; x_wconf 77' lang='lat' dir='ltr'><strong>aios</strong></span> <span class='ocrx_word' id='word_1_360' title='bbox 1317 4196 1409 4253; x_wconf 77' lang='lat' dir='ltr'><strong>domino</strong></span> 
     </span>
     <span class='ocr_line' id='line_1_45' title="bbox 316 4267 1408 4344; baseline 0 -21"><span class='ocrx_word' id='word_1_361' title='bbox 316 4273 450 4326; x_wconf 75' lang='lat' dir='ltr'><strong>ludovico</strong></span> <span class='ocrx_word' id='word_1_362' title='bbox 469 4277 628 4330; x_wconf 77' lang='lat' dir='ltr'><strong>odotesceote</strong></span> <span class='ocrx_word' id='word_1_363' title='bbox 647 4275 746 4344; x_wconf 64' lang='lat' dir='ltr'><strong>egregio</strong></span> <span class='ocrx_word' id='word_1_364' title='bbox 765 4282 890 4344; x_wconf 65' lang='lat' dir='ltr'><strong>regnante</strong></span> <span class='ocrx_word' id='word_1_365' title='bbox 910 4294 979 4328; x_wconf 79' lang='lat' dir='ltr'><strong>auno</strong></span> <span class='ocrx_word' id='word_1_366' title='bbox 999 4276 1086 4330; x_wconf 81' lang='lat' dir='ltr'><strong>tercio.</strong></span> <span class='ocrx_word' id='word_1_367' title='bbox 1105 4279 1135 4329; x_wconf 88' lang='grc' dir='ltr'><strong>Ρ.</strong></span> <span class='ocrx_word' id='word_1_368' title='bbox 1202 4274 1230 4344; x_wconf 78' lang='lat'><strong>2)</strong></span> <span class='ocrx_word' id='word_1_369' title='bbox 1250 4273 1360 4328; x_wconf 85' lang='lat' dir='ltr'><strong>Brioude</strong></span> <span class='ocrx_word' id='word_1_370' title='bbox 1377 4267 1408 4320; x_wconf 81' lang='lat' dir='ltr'><strong>ad</strong></span> 
     </span>
     <span class='ocr_line' id='line_1_46' title="bbox 315 4347 535 4402; baseline 0.027 -6"><span class='ocrx_word' id='word_1_371' title='bbox 315 4347 424 4398; x_wconf 85' lang='lat' dir='ltr'><strong>fluvium</strong></span> <span class='ocrx_word' id='word_1_372' title='bbox 442 4347 535 4402; x_wconf 86' lang='lat' dir='ltr'><strong>Alliar.</strong></span> 
     </span>
    </p>
   </div>
   <div class='ocr_carea' id='block_1_9' title="bbox 0 0 1472 5010">
    <p class='ocr_par' dir='ltr' id='par_1_9' title="bbox 0 0 1472 5010">
     <span class='ocr_line' id='line_1_47' title="bbox 0 0 1472 5010; baseline 0 0"><span class='ocrx_word' id='word_1_373' title='bbox 0 0 1472 5010; x_wconf 95' lang='lat' dir='ltr'><strong> </strong></span> 
     </span>
    </p>
   </div>
  </div>
 </body>
</html>
