2938 5016
287 392 441 444 RICHERI
461 392 714 444 HISTORIARUM
734 393 845 444 LIBER
864 394 886 444 1.
1117 394 1150 444 15

42 559 103 624 Rex
129 561 198 646 ipse
229 561 264 623 in
293 557 439 622 lacrimas
461 558 651 642 dissolutus,
681 559 721 624 de
743 581 818 624 casu
841 559 1026 647 pontificis⁸
1047 559 1150 626 adeol

43 653 223 729 conquestus
246 652 303 708 est.
346 642 504 728 Episcopi
526 665 654 730 quoque
675 645 710 707 in
730 643 835 708 fratris
857 653 958 709 morte
989 654 1021 710 et
1046 665 1102 709 coe
1128 647 1151 708 i-

42 729 121 812 sccpi
141 727 242 792 multa
257 727 531 792 commiseratione
553 728 743 793 condoluere
752 740 770 771 ⁰·
783 741 803 791 ¹.
839 729 987 815 Initoque
1009 730 1095 793 cons‘
1109 751 1150 811 ιο,

42 812 253 876 Winemarum
291 810 387 875 cuml
425 811 491 875 suis
528 811 737 898 complicibus
771 810 916 876 horribili
952 811 1151 878 anathemate

42 894 192 960 damnant.
238 895 303 976 Qui
324 896 358 958 in
379 893 471 960 brevi
493 893 654 979 deficiens,
677 895 847 961 insanabili
875 895 1009 982 ydropis
1037 896 1150 961 morbo

40 980 142 1044 aDco
164 1001 338 1066 percussus
360 988 417 1044 est.
461 978 580 1044 Ventre
601 980 708 1066 itaque
729 979 890 1066 turgidus,
920 981 1062 1045 exterius
1085 982 1152 1066 qui-

42 1061 105 1128 dem
131 1063 219 1130 lento
249 1063 337 1148 igne,
370 1063 503 1128 interius
532 1085 608 1128 vero
637 1064 769 1128 immani
804 1063 953 1128 incendic
990 1065 1151 1129 urebatur.

41 1148 148 1232 Ingens
163 1159 272 1214 tumor
286 1149 404 1232 pedum
420 1167 485 1210 non
501 1146 618 1212 deerat.
662 1147 811 1212 Verenda
824 1149 987 1213 vermibus
1002 1149 1152 1212 scaturie-

41 1231 137 1296 bonta
183 1231 288 1298 Orura
315 1232 470 1296 tumentia
496 1252 535 1294 ac
555 1231 676 1315 lucida3
705 1231 840 1297 anelitus
854 1231 981 1296 fetidus.
1017 1231 1151 1296 Viscera

41 1316 126 1379 etiam
147 1315 305 1401 pardatim
333 1337 392 1400 per
421 1313 526 1380 colum
549 1314 745 1382 diffluebant.
797 1315 921 1403 superf
942 1315 1022 1380 haec
1045 1316 1151 1380 omnia

41 1400 115 1463 sitim
142 1397 375 1464 intolerabilem
406 1401 592 1466 sustinebat.
651 1399 841 1498 Appetitum
864 1422 940 1464 vero
963 1398 1152 1464 comedendi

41 1481 192 1569 aliquanto
207 1482 357 1565 habebat,
372 1482 429 1548 sed
444 1483 508 1549 cibi
523 1481 602 1549 illati
616 1483 779 1549 fastidrum
800 1483 987 1549 inferebant.
1030 1485 1151 1547 Insom-

41 1568 181 1632 nietatem
203 1569 312 1652 iugem
328 1567 520 1664 patiebatur.
558 1566 781 1654 Omnibusque
796 1567 897 1632 factus
912 1567 1120 1634 intolerabilis
1128 1579 1152 1649 ἒ,

41 1651 179 1716 omnibus
203 1651 371 1740 [horrens]
394 1651 522 1716 habitus
549 1663 606 1718 est.
655 1652 768 1738 Itaque
797 1653 892 1717 amici
920 1661 1016 1738 atque
1045 1651 1151 1716 dome-

41 1735 102 1798 stici
122 1737 163 1802 ab
188 1758 226 1800 eo
248 1735 360 1800 dimoti
382 1744 464 1816 sunt,
486 1734 585 1800 multo
608 1737 677 1800 cius
700 1737 842 1822 corporis
872 1736 972 1802 fetore
1000 1736 1152 1816 confecti3

40 1818 68 1881 in
93 1829 216 1885 tantum
245 1829 281 1885 ut
306 1816 411 1883 nullus
439 1819 635 1884 medicorum
665 1819 776 1886 saltem
805 1821 955 1884 medendi
987 1842 1085 1885 causa
1111 1819 1160 1884 ad.

41 1923 103 1967 eum
137 1903 292 1969 accedere
327 1912 445 1989 posset.
502 1901 628 1984 Quibus
668 1904 815 1970 omnibus
850 1903 1038 1988 dissolutus,
1067 1903 1153 1968 omni

41 1986 269 2053 christianitatis
285 1988 509 2052 communione
523 1989 677 2073 privatus,
700 2011 720 2052 a
733 1987 898 2053 vermibus
920 1999 1066 2074 exparte
1087 1988 1152 2052 iam

42 2082 249 2158 consumptus,
270 2069 453 2156 flagiciosus
476 2093 515 2135 ac
531 2071 706 2158 sacrilegus
728 2073 768 2139 ab
791 2074 851 2136 hac
873 2073 941 2138 vita
961 2071 1072 2158 pulsus
1095 2080 1151 2136 est.

200 2193 249 2257 19.
291 2192 477 2256 Promotioh
499 2191 632 2258 Herivei
652 2193 709 2257 inl
731 2193 951 2278 episcopatum
960 2194 984 2256 ¹¹.

114 2292 248 2380 Sepulto
270 2316 346 2360 vero
370 2295 486 2359 domno
517 2295 658 2362 Fulcone
687 2293 950 2382 metropolitano,
980 2293 1150 2374 Heriveus,

40 2377 81 2474 vir
100 2377 295 2478 spectabilis·
307 2389 347 2477 ct·
359 2377 526 2478 palatinus,
550 2381 776 2480 episcoporum
792 2399 949 2478 consensu
971 2378 1152 2476 etRemen-

41 2481 111 2525 srum
133 2464 318 2527 conibentra
338 2485 372 2525 m
392 2464 579 2548 pontificatu
602 2486 687 2550 regrs
703 2463 874 2528 donatronc
889 2461 1040 2526 succedit.
1064 2459 1150 2540 Quo·

38 2565 98 2608 uun
118 2557 254 2693 uterquc
277 2555 396 2646 quanta
417 2545 552 2614 utilitate
569 2557 753 2634 quantaque
775 2545 927 2640 religione
948 2545 982 2609 in
996 2543 1152 2610 aecclesia

39 2626 177 2694 Remensi
222 2641 315 2713 orurt,
337 2631 458 2716 s1quis
480 2631 520 2696 ad
542 2630 686 2730 plenumi
709 2631 888 2698 dinoscere¹
918 2631 1037 2716 cupiti,
1066 2627 1152 2714 legat

39 2708 167 2777 librum¹¹
190 2712 365 2778 Flodcardi
391 2715 600 2799 presbitem²,
635 2739 730 2803 quem
759 2717 800 2781 ab
823 2715 925 2780 urbe³
955 2714 1083 2779 condita
1111 2711 1150 2776 de

40 2796 170 2862 eiusdem
192 2797 283 2862 urbis
305 2799 465 2885 episcopis
487 2797 649 2878 uberrime
670 2799 849 2886 descripsit.
892 2799 964 2863 Ade
989 2808 1042 2864 to⁴
1072 2817 1148 2883 quc-

40 2901 91 2964 que
111 2881 272 2948 Heriveus
292 2882 500 2969 pontificatu,
523 2883 624 2950 multa
645 2883 708 2949 fide
729 2907 764 2948 re
789 2906 840 2948 em
863 2821 1065 2969 sequebatur,
1095 2880 1149 2944 de-

3 2993 4 2996 *
40 2965 203 3030 sartoribus
217 2966 298 3031 adeo
313 2967 456 3032 infestus.
492 2966 744 3034 *Erlebalduw
761 2908 1030 3034 dastricensium⁸
1053 2965 1148 3030 comi·
1159 2986 1215 3032 mor.
1228 2989 1257 3032 r.

39 3054 103 3132 tem,
124 3051 245 3149 quires
268 3051 317 3114 sui
332 3051 488 3200 episcopii
502 3062 688 3138 pervaserat
703 3063 734 3118 et
749 3051 905 3139 oppidum
926 3050 1011 3138 quod
1033 3059 1210 3114 vocantem.

40 3129 207 3200 Maeones*
235 3132 343 3199 obtine
367 3145 414 3216 at,
450 3157 540 3200 more
573 3135 807 3202 aecclesiastico
835 3137 925 3222 prius
952 3133 1082 3222 quidem
1115 3141 1150 3196 ut

40 3217 196 3304 resipiscat
217 3227 389 3300 ammonet,
410 3228 483 3304 post
497 3241 573 3284 vero
588 3219 788 3286 anathemate
804 3219 944 3284 damnat.
989 3219 1054 3300 Qui
1076 3239 1149 3282 cum

41 3298 93 3365 sibi
111 3323 173 3366 nec
194 3302 363 3367 damnatus
384 3304 579 3370 satisfaceret
616 3305 650 3368 in
672 3327 745 3378 eum
775 3325 848 3368 cum
876 3302 984 3367 multis
1012 3299 1150 3365 militum

42 3385 128 3469 copiis
149 3386 252 3451 fertur
284 3386 503 3476 oppidumque
525 3351 626 3453 multa
648 3387 814 3453 obsidione
846 3409 905 3474 per
927 3394 1063 3472 quatuor
1096 3382 1150 3447 eb-

42 3465 182 3535 domadas
209 3436 415 3538 veliementer
441 3471 586 3557 adurget.
643 3470 833 3537 Erlebaldus
869 3472 1053 3535 continuam
1084 3488 1150 3532 non

41 3550 132 3618 ferens
153 3556 439 3642 impugnationem,
470 3553 551 3620 clam
574 3556 631 3622 ab¹
655 3555 774 3644 oppido
790 3577 861 3619 cum
884 3553 1006 3641 aliquot
1020 3573 1150 3617 suorum

91 3679 112 3732 a)
128 3683 197 3722 amici
213 3684 234 3723 1.
290 3679 362 3733 1))οα
378 3683 404 3733 23
420 3683 543 3723 admodum
559 3685 579 3726 1.
625 3681 647 3734 c)
664 3684 758 3724 doluere
776 3686 796 3723 1.
843 3681 865 3734 d)
883 3694 902 3725 c.
917 3694 937 3722 a
955 3681 1149 3724 cimbrorum.

42 3733 60 3786 e)
73 3738 102 3777 tec
116 3741 140 3791 23
172 3741 344 3782 scaturriebant
360 3743 379 3783 1.
439 3739 549 3793 {lfluper
566 3765 590 3774 -
608 3743 740 3792 petiebatur
758 3747 809 3792 poet
831 3743 940 3783 accedere
962 3744 1040 3792 posset
1061 3740 1149 3790 scripta,

42 3794 74 3834 luc
86 3804 134 3838 caat
148 3800 226 3839 relato.
288 3797 313 3851 Β)
329 3799 409 3840 rabili·
424 3821 450 3831 -
467 3801 549 3849 Itaque
565 3813 575 3841 e
590 3813 662 3852 eorm
678 3802 768 3841 horrori
783 3802 854 3852 coppi.
871 3801 895 3843 P.
957 3798 980 3852 h)
997 3801 1038 3852 tio,
1053 3799 1085 3851 in,
1101 3802 1149 3838 tum

42 3853 88 3961 qiu.
161 3858 179 3910 t)
197 3859 216 3900 ei
234 3878 258 3887 -
279 3859 342 3909 cupit
360 3859 385 3898 tc
399 3870 480 3910 maroc
510 3870 587 3913 enum,
608 3871 628 3913 e,
651 3861 714 3910 cupit
735 3861 792 3902 abac.
868 3858 893 3912 k)
910 3859 1035 3900 vocabalum
1056 3868 1149 3898 erasum

70 3915 95 3955 de
110 3928 165 3958 corr.
183 3917 219 3958 eb.

106 4001 133 4068 1)
152 4004 182 4056 A.
203 4003 257 4054 900
292 4003 345 4054 Iuli
364 4004 395 4068 6,
424 4006 515 4057 Remis
542 4007 710 4073 congregati,
737 4005 834 4068 Mansi,
862 4005 945 4056 Oonc.
972 4005 1021 4069 IX,
1038 4021 1065 4071 p.
1084 4003 1148 4055 481.

43 4069 66 4134 2)
83 4075 128 4138 IV,
149 4093 173 4128 c.
195 4077 238 4130 11.
324 4075 353 4143 3)
373 4078 431 4130 scil.
451 4080 585 4131 Remensi.
670 4077 700 4146 4)
722 4078 763 4130 Oi.
788 4079 936 4131 Flodoardi
955 4077 1020 4128 Anu.
1041 4093 1065 4128 a.
1086 4078 1149 4128 920.

43 4141 66 4209 ὅ)
83 4147 253 4201 Erlebcldaon
272 4176 309 4186 -
328 4160 489 4204 concesserat
516 4168 548 4203 ex
573 4151 720 4204 Flcdoardi
742 4153 812 4204 Anu.
838 4167 864 4202 a.
885 4152 946 4220 920,
975 4166 1041 4216 quos
1060 4151 1088 4200 in
1107 4165 1148 4202 se·

44 4223 171 4281 quentibus
183 4238 269 4290 nsque
292 4223 328 4273 ad
342 4231 423 4292 caput
435 4225 495 4276 libri
512 4225 564 4288 111,
579 4225 621 4279 21.
652 4225 759 4292 saepius
779 4226 928 4292 exscripsit,
948 4223 1038 4274 multis
1057 4228 1148 4274 temen

43 4291 202 4428 diffisi&
230 4297 349 4349 mutatis.
431 4295 461 4364 0)
480 4297 523 4349 Ad
551 4299 662 4363 Mosam,
689 4299 735 4350 ubi
757 4304 851 4366 postea
882 4299 1022 4350 comitatus
1041 4294 1147 4348 Retnel.

126 4385 151 4419 m
166 4385 217 4422 res.
