2938 5016
305 445 459 497 RIOIIIIRI
476 443 728 498 HISTORIARUM
747 445 859 497 LIBER
878 447 901 500 1.
1146 451 1162 501 e

52 613 124 695 fieri,
153 635 249 700 quam
271 613 305 676 in
327 634 517 677 consensum
546 612 710 698 principes
738 623 973 698 revocarentur,
1005 619 1161 687 accelera-

51 697 132 762 bant.
176 696 373 761 Huiusmodi
388 695 576 762 dissidentia
590 697 744 782 pecunias
761 695 938 762 Galliarum
961 721 1030 766 sese
1052 725 1160 790 aspor-

51 790 172 864 taturos,
195 781 372 846 certissime
392 781 463 846 rati.
508 779 671 861 Quorum*
693 781 831 866 impetus
854 779 992 847 Catillo¹
1014 788 1161 876 principe

50 865 210 930 ferebatur.
255 866 423 955 Principes
453 873 541 930 anta
570 863 780 930 barbarorum
807 866 818 927 i
865 867 984 932 ominia
1014 871 1159 955 confecti,

51 947 85 1012 de
104 971 184 1034 pace
206 948 356 1014 habenda
377 971 436 1034 per
456 947 579 1034 legatos
600 949 683 1013 inter
704 971 774 1014 sese
796 971 815 1013 a
838 948 970 1014 modum
993 967 1158 1038 quaenmt.

51 1031 109 1096 Nec
131 1033 187 1097 diu
207 1035 334 1115 morati,
355 1034 425 1096 iure
440 1031 588 1098 obsidum
603 1035 637 1096 in
650 1055 751 1096 unum
766 1031 939 1098 consulturi
955 1040 1158 1106 conveniunt.

49 1116 82 1180 In
98 1139 159 1203 quo
183 1127 351 1199 conventu,
374 1117 567 1202 sapientium
588 1118 638 1182 usi
661 1115 802 1199 consilio,
825 1117 921 1182 fidem
944 1141 984 1184 ue
1006 1125 1103 1206 pacti,
1125 1127 1160 1188 in

50 1201 247 1268 concordiam
262 1203 440 1268 maximam
454 1201 591 1284 rediere;
607 1200 816 1268 contumelias
831 1225 851 1266 a
865 1140 1011 1268 barbaris
1026 1206 1159 1273 iniectas

48 1283 140 1348 ultum
161 1286 208 1350 ire
230 1287 343 1372 parati.
387 1285 431 1348 Et
453 1287 528 1372 quia
549 1283 687 1349 Karolus
709 1286 766 1350 vix
787 1285 892 1350 adhuc
912 1289 1044 1352 triennis
1060 1301 1127 1357 erat
1137 1304 1159 1376 ²,

48 1367 83 1432 de
106 1391 182 1458 rege
212 1370 352 1434 creando
386 1367 581 1452 deliberant3
612 1391 676 1434 non
702 1380 738 1436 ut
764 1369 951 1455 desertores,
984 1372 1041 1440 sed
1068 1376 1158 1441 utin

48 1451 238 1518 adversarios
259 1454 470 1538 indignantes.

304 1572 333 1638 5.
377 1573 475 1657 Regis
497 1594 598 1658 genus
620 1574 736 1660 atqueb
758 1573 893 1640 fortuna.

121 1674 271 1740 Anum-0
293 1677 400 1761 itaque
422 1676 650 1742 incarnationis
672 1675 873 1740 dominicaec
895 1676 966 1744 888.
993 1677 1032 1767 [2.
1049 1678 1143 1744 Kal.c
1165 1676 1228 1776 ἐξ·

47 1758 156 1824 Mart³
178 1761 290 1848 quinta
310 1760 391 1824 feria
417 1760 579 1823 communi
606 1759 732 1824 deereto
756 1758 914 1843 Odonem,
940 1763 1045 1826 virum
1074 1763 1155 1828 mili·
1185 1746 1255 1817 ⁶¹⁸¹.

45 1853 138 1906 tarem
159 1865 198 1908 ac
220 1853 394 1921 strenuum,
424 1844 477 1906 in*
499 1841 632 1908 basilica
653 1844 756 1907 sancti
776 1845 884 1908 ...st-⁴
905 1868 1015 1931 regem
1037 1859 1154 1914 creant.

46 1925 101 1989 Hie
120 1938 246 2014 patrem
268 1927 380 1992 habuit
401 1949 443 1991 ex
461 1929 601 2013 equestri
616 1927 727 1991 ordine
741 1926 940 2012 Rotbertum,
962 1953 1058 1995 avum
1079 1955 1155 1998 vero

45 2019 204 2094 paternum
226 2011 449 2093 Witiohinum,
481 2011 641 2076 advenam
671 2011 868 2076 Germanum
882 2023 903 2077 ⁵.
957 2012 1155 2104 Oreatusque

44 2116 110 2178 rex,
140 2107 269 2162 strenue
296 2105 392 2183 atque
418 2094 538 2160 utiliter
570 2097 678 2160 omnia
709 2097 825 2194 gessit,
862 2107 969 2182 preter
1004 2098 1091 2186 quod
1122 2103 1155 2164 in

44 2178 163 2246 militari
184 2178 324 2246 tumultu
344 2201 450 2244 raram
466 2179 679 2266 componendi
700 2178 770 2244 lites
785 2188 977 2277 potestatem
997 2183 1153 2249 habuit**.

44 2261 119 2328 Nam
140 2273 274 2350 pyratas
296 2261 852 2349 signiseollatisintra⁰Ne11str1am
874 2265 991 2349 septies
1012 2265 1095 2330 fudit
1116 2289 1154 2332 ae

44 2348 72 2410 in
100 2350 210 2448 lugam
245 2349 356 2413 novies
386 2346 600 2433 compulit***.
654 2346 762 2434 Atque
791 2345 852 2410 hoc
880 2349 946 2412 fere
974 2371 1032 2434 per
1064 2351 1154 2437 quin-

44 2435 238 2516 quenmuml.
283 2432 407 2512 Quibus
436 2429 581 2518 repulsis,
609 2429 710 2496 fames
736 2429 845 2495 valida
872 2431 1042 2498 subsecuta
1071 2444 1153 2518 estt,
1172 2451 1223 2494 ⁸⁸⁹.

43 2535 107 2579 cum
132 2517 269 2582 triennio
299 2527 384 2581 terra
410 2514 530 2581 inculta
556 2516 754 2580 remanserit.
797 2513 868 2578 Iam
891 2517 976 2580 enim
1004 2537 1154 2584 mensura

41 2597 181 2666 frumenti
204 2622 286 2687 quae
309 2599 443 2665 sedeties
465 2599 562 2665 ducta
582 2599 726 2664 modium
748 2597 845 2663 efficit
873 2599 984 2664 decem
1010 2601 1152 2688 dragmis

41 2685 189 2754 veniebat
249 2683 440 2750 Gallinatius
469 2705 595 2782 quoque
624 2693 760 2770 quatuor
786 2683 942 2768 dragmis3
975 2687 1044 2750 ovis
1075 2709 1151 2751 vero

40 2768 131 2833 tribus
152 2770 274 2851 unciis,
301 2779 400 2856 atque
421 2789 523 2832 vacca
543 2767 637 2833 1ab0⁷
666 2765 842 2832 tollebatur.
885 2769 962 2832 Vini
990 2767 1077 2834 nulla
1102 2791 1152 2835 co·

41 2855 150 2940 emptio
179 2861 256 2936 erat,
287 2875 370 2934 cum,
397 2853 513 2916 vinetis
542 2852 663 2938 ubique
692 2852 835 2935 succisis,
863 2853 920 2916 vix
942 2854 1009 2917 eius
1031 2851 1152 2940 aliquid

104 2978 128 3045 ⁸)
147 2981 225 3032 Anno
246 3007 280 3016 -
299 2980 367 3030 feria
386 2985 410 3030 et
428 2995 489 3030 moa
508 2981 536 3029 in
555 2979 611 3031 bas.
631 2979 719 3030 sancti
738 2977 803 3028 add.
824 2979 849 3030 2.

91 3051 125 3120 ”)
146 3070 179 3105 eo
199 3053 271 3120 quod
297 3053 397 3104 milites
424 3052 494 3118 (poet
514 3051 592 3115 add.)
613 3051 742 3102 mediocri
762 3051 895 3104 interdum
915 3053 994 3104 subdi
1015 3060 1151 3122 contemp·

148 3132 243 3180 nerent
259 3135 320 3192 poet
339 3125 403 3176 add.

80 3196 127 3266 m)
146 3201 228 3250 immo
249 3205 277 3250 et
297 3215 313 3250 a
331 3199 430 3250 finibus
451 3198 598 3250 Galliarum
618 3200 725 3266 penitus
746 3199 896 3250 eliminavit
910 3207 973 3264 post
993 3199 1056 3252 cdd.

100 3270 125 3339 l)
144 3275 281 3324 biennium
303 3274 328 3322 1.

87 3381 110 3434 a)
126 3383 155 3432 Q.
176 3384 192 3426 i.
214 3382 241 3423 0.
263 3394 286 3434 p.
307 3381 323 3422 I.
345 3382 370 3422 in
384 3393 455 3432 marq-
543 3379 568 3434 b)
582 3392 597 3422 a
612 3381 670 3422 atae.
762 3379 783 3433 c)
799 3381 855 3421 abac.
947 3377 971 3432 d)
986 3381 1045 3420 Iecur
1060 3391 1148 3422 numm.

38 3436 57 3491 e)
70 3441 84 3482 1.
98 3443 124 3483 N.
138 3447 190 3492 poet
205 3441 257 3482 aad.

104 3535 131 3604 1)
157 3539 202 3590 Ita
232 3537 344 3590 sonasse
379 3551 477 3588 nomen
506 3536 695 3588 Germanicum
720 3535 798 3587 Wull
820 3533 892 3603 (ulf)
924 3533 1013 3586 reddit
1048 3541 1150 3586 auctor.

40 3605 64 3672 2]
80 3611 193 3663 Karolue
212 3626 304 3662 mense
324 3610 477 3677 Septembri
496 3624 521 3661 a.
541 3609 605 3659 879.
623 3615 702 3661 natus
721 3615 786 3672 erat,
806 3613 833 3660 et
850 3608 921 3660 infra
940 3624 1000 3675 cap.
1016 3609 1059 3660 12.
1079 3623 1149 3660 anno

39 3679 94 3734 893.
112 3683 275 3750 quindennis
294 3683 402 3736 dicitnr.
494 3680 524 3748 3)
543 3683 586 3734 lta
611 3681 756 3748 legendum
776 3697 846 3746 esee,
872 3683 942 3733 Anu.
964 3681 992 3734 S.
1013 3683 1149 3746 Germani,

40 3754 80 3806 ss.
97 3758 143 3818 lv,
172 3775 200 3825 p.
220 3759 246 3820 Β,
276 3759 433 3820 ostenduam
473 3755 507 3808 el.
532 3755 681 3819 Diimmler,
710 3756 792 3808 Ostl'r.
817 3756 903 3807 Reich
927 3756 972 3816 11,
1000 3773 1028 3822 p.
1048 3755 1102 3806 316
1121 3772 1148 3806 n.

39 3825 64 3892 4)
82 3830 140 3883 Odo
159 3829 309 3884 seeundum
327 3831 394 3884 Anu.
415 3828 528 3882 Vedaat.
547 3831 575 3880 iu
593 3829 695 3896 palatio
715 3829 933 3896 Compendiensi,
956 3829 1038 3894 igitur
1056 3831 1085 3879 ia
1105 3844 1148 3879 ca·

39 3901 103 3965 pella
115 3905 147 3956 B.
160 3906 265 3956 Mariae
280 3906 348 3969 virg.
369 3909 512 3955 coronatus
531 3907 580 3955 eat.
619 3902 659 3954 Cf.
681 3903 784 3954 Odonis
796 3901 912 3964 filontio,
930 3901 987 3952 LL.
1003 3903 1026 3966 1,
1045 3919 1072 3969 p.
1086 3901 1148 3952 554.

40 3973 64 4037 5)
83 3976 121 4029 Ol.
142 3978 194 4028 huc
214 3977 248 4028 de
267 3993 297 4028 re
315 3993 342 4028 v.
361 3975 528 4039 Kalcksteiu,
547 3975 650 4027 Robert
669 3976 717 4026 der
728 3975 843 4042 Taptere
862 3993 888 4041 p.
904 3976 954 4025 111
970 3991 1037 4042 sqq.;
1062 3977 1095 4025 A.
1116 3973 1149 4024 de

39 4047 212 4118 Barthelemy,
229 4049 285 4102 Les
304 4051 421 4116 origines
441 4049 474 4100 de
493 4050 521 4100 la
539 4050 646 4100 maison
668 4049 701 4100 de
714 4051 828 4112 France,
846 4046 939 4100 Rdvue
953 4048 1000 4100 dea
1014 4049 1150 4115 questions

40 4119 191 4190 historiques
210 4123 289 4187 XIII,
308 4141 335 4190 p.
348 4123 399 4173 108
411 4139 480 4190 sqq„
499 4124 545 4190 qui
557 4123 667 4175 Richeri
682 4121 763 4174 fidem
776 4123 855 4174 nimis
868 4121 997 4173 audacter
1009 4123 1149 4188 impugna-

39 4195 84 4259 rit3
101 4197 193 4250 Rioult
207 4197 240 4247 de
253 4196 386 4263 Neuville,
408 4197 510 4248 Robert
527 4195 554 4246 le
569 4197 643 4258 I'ort,
663 4212 693 4247 sa
706 4195 807 4246 famille
822 4200 849 4246 et
861 4210 909 4246 son
932 4195 1043 4260 origine.
1081 4192 1150 4244 Toul

43 4266 111 4334 leia,
131 4272 206 4323 cuius
219 4269 316 4324 libram
329 4285 383 4322 non
396 4269 461 4320 vidi.
536 4267 566 4336 6)
587 4268 628 4322 cf.
647 4269 716 4321 Anu.
734 4267 886 4320 Fuldenses
905 4283 930 4319 a.
951 4267 1013 4318 889.
1035 4271 1062 4317 et
1080 4268 1150 4318 Anu.

40 4339 141 4395 Veiast.
161 4344 226 4396 892.
302 4341 331 4410 ⁷)
350 4343 431 4394 labus
451 4347 492 4394 eet
511 4341 608 4395 deunx.
627 4367 662 4382 -
682 4344 760 4394 Haec
780 4341 879 4392 dubiae
898 4339 962 4392 fidei
982 4356 1049 4404 esse,
1068 4339 1150 4392 facile

42 4421 74 4465 est
90 4417 239 4470 intellectu.
