2936 5010
320 394 355 446 90
576 392 729 446 alenset
749 391 1002 446 HISTORIABUM
1019 395 1132 447 LIBER
1151 393 1203 446 111.

264 579 314 622 ese.
405 562 435 627 9.
468 559 525 626 llle
553 561 587 624 in
615 559 716 625 multa
745 582 802 648 spa
832 560 940 624 omnia
992 572 1120 642 onens¹,
1157 561 1268 648 regine
1298 561 1430 646 conscia,

321 668 394 712 cum
416 645 541 710 duabus
563 642 747 710 cohortibus
762 642 918 730 oppidum
982 647 1007 710 it
1026 667 1075 728 ac,
1095 643 1287 710 ducentibus
1302 647 1342 710 iis
1357 667 1429 731 quos

345 729 518 812 remiserat,
551 750 609 814 per
641 727 745 793 locum
776 737 1009 816 competentem
1030 737 1205 794 nocturnus
1227 727 1427 814 ingreditur¹.

321 754 433 880 l'ortas
449 823 481 880 et
496 813 601 878 exitus
617 833 727 878 omnes
752 813 901 899 pervadit
918 832 957 876 ac
971 813 1129 896 custodes,
1152 835 1193 877 ne
1209 813 1282 899 quis
1297 813 1428 898 effugiat,

321 898 463 984 deputat.
500 897 575 984 Ipse
597 895 638 962 ad
661 895 846 962 cubiculum
868 895 1016 962 dominae
1038 897 1292 963 ferventissimus
1325 897 1427 961 tendit

320 982 470 1068 Eumque
492 982 665 1066 ingressus,
687 991 821 1046 matrem
843 1001 917 1046 cum
938 981 1063 1047 duobus
1085 981 1168 1046 natis
1184 979 1427 1068 comprehendit

321 1063 385 1130 Alii
407 1087 483 1132 vero
506 1065 701 1130 ornamentis
716 1063 918 1149 asportandis
932 1065 1130 1130 insistebant
1164 1063 1427 1150 comprehendith

321 1160 353 1216 et
387 1147 503 1214 milites
544 1147 763 1248 oppidumque
799 1147 973 1214 succendit
1034 1151 1107 1230 Quo
1143 1149 1328 1230 combusto,
1363 1169 1427 1211 cum

321 1234 450 1299 domina
472 1241 504 1298 ot
525 1241 609 1297 natrs
631 1231 848 1318 militrbuaque
870 1233 1108 1319 comprehensis
1129 1231 1172 1296 ad
1193 1233 1341 1320 reginam
1358 1231 1428 1296 Ger-

319 1317 452 1404 bergam
473 1337 619 1382 reversus
641 1325 698 1381 est.

405 1419 454 1483 10.
477 1417 573 1499 Quod
584 1418 769 1504 Ragenerus
784 1419 991 1504 comperiens,
1007 1427 1095 1490 tanta
1106 1419 1297 1484 necessitate
1313 1418 1428 1498 ductus,

319 1503 514 1584 Brunonem,
540 1501 670 1568 fratrem
692 1503 831 1588 reginae,
854 1499 1004 1586 postulat,
1033 1511 1069 1567 ut
1095 1512 1219 1568 mature
1242 1501 1429 1588 colloquium

321 1608 383 1674 quo
414 1585 523 1652 iubeat
551 1587 663 1672 regina
691 1587 912 1668 constituatur,
941 1584 998 1650 ubi
1027 1587 1096 1672 ipse
1123 1607 1258 1651 uxorem
1287 1596 1321 1652 et
1345 1594 1428 1649 natos

319 1671 455 1758 recipiat
491 1678 523 1734 ct
549 1671 662 1756 regina
690 1668 786 1734 aedes
814 1679 845 1735 et
874 1669 986 1756 predia
1013 1681 1162 1735 resumat.
1215 1669 1314 1751 Quod
1342 1669 1429 1734 etiam

321 1763 437 1820 statuto
459 1762 604 1852 tempore
618 1753 738 1819 factum
754 1763 811 1818 est.
843 1751 926 1818 Nam
940 1752 1057 1818 habitis
1071 1753 1233 1840 utrimque
1248 1753 1429 1833 rationibus,

322 1859 356 1902 re
381 1838 434 1902 ina
461 1858 480 1900 a
508 1846 633 1901 trrauno
656 1837 768 1923 predia
797 1836 928 1924 recepit,
959 1846 990 1902 et
1017 1839 1088 1924 ipse
1110 1859 1245 1904 uxorem
1285 1846 1319 1902 et
1345 1845 1428 1900 natos

322 1860 503 2006 militesque
519 1919 669 1986 reduxit0
681 1968 1416 1988 ...............
1420 1929 1429 1963 ²

261 2047 310 2088 ess.
407 2024 455 2088 11.
488 2021 550 2086 His
572 2022 617 2087 ita
637 2023 746 2110 gestis,
767 2021 939 2088 Rotbertus
962 2023 1134 2088 Trecarum
1162 2024 1273 2109 prinae
1300 2047 1325 2106 s,
1347 2022 1430 2087 Heri·
1466 2057 1467 2100 q

322 2108 403 2174 berti
431 2107 548 2172 tiranni
574 2105 672 2188 filius,
702 2105 848 2192 Hugonis
876 2129 952 2172 vero
980 2104 1120 2172 abdicati
1145 2107 1256 2189 frater,
1318 2107 1429 2173 othario

321 2192 412 2292 regi‘¹
433 2191 582 2256 iniuriam
603 2189 664 2256 hac
687 2199 754 2256 arte
769 2190 896 2256 molitus
917 2201 975 2257 est.
1012 2189 1181 2256 Castrum³
1203 2193 1333 2278 regium
1354 2189 1430 2276 quod

321 2276 444 2342 Drvion
466 2275 591 2358 dicitur,
619 2296 711 2340 secus
735 2273 889 2339 Oscaram
916 2283 1087 2340 torrentem
1109 2275 1311 2359 conditum0,
1341 2272 1430 2339 multa

323 2359 496 2446 cupiditate
519 2357 646 2424 sitiebat
682 2380 719 2424 eo
750 2357 835 2444 quod
864 2381 922 2446 per
950 2381 1034 2442 eum,
1063 2359 1091 2422 si
1117 2357 1151 2424 id
1179 2358 1299 2425 habere
1322 2367 1429 2446 posset,

323 2445 477 2530 optimam
505 2407 713 2528 Burgundios
745 2449 868 2528 partem
902 2441 943 2508 ad
975 2465 1068 2508 suum
1097 2443 1148 2507 ius
1176 2444 1313 2508 transire
1346 2463 1430 2529 posse

322 2526 544 2593 arbitrabatur.
587 2525 682 2591 Illum
703 2527 810 2613 itaque
833 2527 889 2612 qui
918 2535 1023 2592 castro
1051 2549 1180 2612 preesse
1206 2526 1379 2593 videbatur
1398 2524 1430 2589 de

210 2643 248 2698 ·,‚‚
265 2647 315 2688 ⁶12,
323 2609 499 2696 transfugio
521 2608 564 2673 ad
585 2631 655 2674 sese
677 2613 753 2696 'per
773 2608 896 2696 legatos
914 2609 975 2675 allo
1001 2611 1095 2692 uitur,
1117 2609 1255 2696 plurima
1278 2609 1430 2697 spondens
1465 2635 1466 2650 ¹

324 2703 356 2760 et
366 2695 488 2759 maiora
500 2693 559 2758 sub
570 2693 774 2759 iureiurando
786 2691 949 2780 pollicens.
1014 2693 1081 2780 pud
1097 2716 1283 2781 regemquo
1309 2718 1349 2760 ue
1361 2690 1430 2758 mul·

323 2788 389 2844 tam
418 2799 523 2843 rerum
552 2777 694 2864 inopiam
723 2799 884 2861 asserens,
917 2777 1005 2864 apud
1037 2800 1107 2842 sese
1138 2799 1215 2844 vero
1244 2801 1259 2842 s
1321 2779 1430 2843 cientes

325 2883 412 2949 opes,
435 2861 555 2960 oppida
575 2859 727 2926 nonnulla
747 2859 873 2948 aliaque
900 2861 1158 2928 desiderabilium
1187 2862 1328 2946 insignia
1347 2859 1430 2926 vehe-

325 2947 519 3010 mentissime
541 2955 730 3030 protestans.
774 2944 866 3010 Tunc
887 2946 1011 3012 iuvenis
1025 2967 1132 3012 rerum
1148 2945 1301 3031 cupidine
1317 2953 1430 3031 captus,

324 3051 383 3117 pro
405 3028 581 3114 transfugio
603 3027 784 3094 mercedem
812 3030 945 3116 quaerit
994 3031 1039 3095 At
1065 3027 1111 3092 illi
1139 3029 1298 3094 mercedis
1324 3047 1431 3094 nomen

324 3113 463 3179 edicunt.
496 3111 552 3178 Ille
563 3135 639 3178 vero
655 3135 696 3178 ex
711 3113 877 3200 promissis
890 3112 1110 3178 iusiurandum
1125 3111 1265 3198 postulat
1280 3114 1430 3200 capitque.

323 3197 367 3262 Et
397 3205 542 3282 tempore
574 3217 716 3284 congruo
748 3197 910 3262 tirannum
942 3219 1016 3262 cum
1043 3195 1143 3262 multa
1174 3196 1314 3261 militum
1343 3215 1430 3260 manu
1464 3219 1465 3266 l

323 3283 406 3347 intra
439 3280 595 3367 oppidum
625 3282 746 3370 excipit
784 3303 822 3346 ao
850 3303 920 3346 sese
949 3281 979 3346 ei
1006 3281 1223 3364 committens,
1252 3279 1352 3346 fidem
1379 3298 1429 3378 pro

323 3365 437 3431 militia
465 3366 697 3432 accommodat.
746 3330 886 3430 l’ervaso
916 3374 1024 3430 autem
1053 3364 1183 3451 oppido,
1212 3365 1296 3450 regii
1324 3362 1430 3428 mibtes

324 3447 551 3515 contumeliose
574 3447 744 3536 pelluntur.
786 3449 993 3536 Deputantur
1013 3469 1090 3514 vero
1112 3448 1158 3514 ibi
1180 3447 1298 3514 milites
1314 3445 1429 3513 tiranni.

410 3551 459 3615 12.
491 3549 634 3616 Perlata‘
660 3561 735 3618 sunt
754 3551 834 3616 haec
862 3550 904 3616 ad
930 3573 1049 3637 regem.
1099 3549 1171 3616 Rex
1196 3572 1274 3616 vero
1296 3547 1430 3616 Brunoni

324 3631 482 3698 avunculo
496 3632 618 3720 legatos
633 3635 751 3783 diripit,
772 3634 881 3734 copias
896 3633 937 3700 ab
953 3656 991 3700 eo
1011 3632 1185 3720 postulans.
1215 3634 1285 3700 Nec
1299 3641 1430 3700 moratur

324 3717 458 3781 Brunos
485 3725 610 3782 etcum
632 3717 696 3784 duo
721 3741 758 3784 ua
784 3717 911 3784 mrlibus
944 3728 1139 3783 armatorum
1161 3739 1203 3782 ex
1224 3717 1360 3804 Belgica
1379 3727 1430 3782 ter·

324 3801 415 3866 ramh
436 3800 552 3866 tiranni
574 3812 711 3888 occupat
738 3802 915 3889 urbemque
947 3801 1154 3866 Trecasinam
1184 3802 1352 3868 obsidion'e
1379 3799 1430 3864 cir-
1463 3823 1464 3862 5

383 3961 406 4016 ι)
420 3968 470 4014 post
486 3963 537 4004 odd.
599 3962 621 4016 b)
639 3964 870 4018 comprehenduntur
886 3966 907 4006 1.
976 3962 997 4016 c)
1013 3964 1052 4012 tte,
1068 3965 1262 4018 nonodecimus,
1278 3965 1356 4016 almas
1369 3964 1431 4003 aare

322 4023 429 4064 videatur.
490 4020 513 4074 d)
530 4023 594 4073 reato
612 4025 631 4064 1.
692 4023 714 4076 e)
730 4025 800 4065 altum
817 4025 836 4066 1.
889 4021 1083 4076 nialoeoraso.
1134 4023 1157 4076 ς)
1174 4025 1201 4064 Β.
1217 4035 1235 4066 a.
1302 4021 1431 4075 h)lnt.l·

398 4154 427 4222 1)
447 4155 552 4209 Similis
570 4153 649 4208 Flod.
669 4171 694 4207 s.
714 4156 777 4206 949.
798 4155 832 4208 ds
851 4154 981 4207 Landuno
1002 4161 1081 4223 capto
1100 4156 1190 4208 refert.
1270 4153 1300 4223 9)
1322 4154 1431 4206 Plurium

322 4243 451 4280 annornm
470 4229 581 4281 historia
599 4231 789 4297 praetermissa
803 4235 850 4293 est,
869 4243 947 4296 quam
961 4228 1066 4280 infolio
1082 4233 1173 4282 amoto
1186 4227 1339 4297 suppletam
1351 4228 1431 4284 faisse,

322 4300 466 4353 verisimile
486 4307 535 4354 est.
627 4303 656 4367 9)
676 4303 801 4355 Divionis
820 4303 1043 4371 expugnationem
1063 4302 1104 4355 bis
1123 4307 1213 4355 narrat
1232 4302 1311 4355 Flod.
1333 4318 1358 4353 a.
1376 4297 1431 4351 959.

324 4379 351 4424 et
369 4373 432 4435 960,
451 4374 502 4426 hoc
522 4389 591 4427 aeno
610 4376 703 4428 urbem
723 4375 785 4428 dolo
805 4381 911 4444 ceptam
930 4376 1056 4428 reterens.
