<?xml version="1.0" encoding="UTF-8"?>
<!DOCTYPE html PUBLIC "-//W3C//DTD XHTML 1.0 Transitional//EN"
    "http://www.w3.org/TR/xhtml1/DTD/xhtml1-transitional.dtd">
<html xmlns="http://www.w3.org/1999/xhtml" xml:lang="en" lang="en">
 <head>
  <title>
</title>
<meta http-equiv="Content-Type" content="text/html;charset=utf-8" />
  <meta name='ocr-system' content='tesseract 3.04.00' />
  <meta name='ocr-capabilities' content='ocr_page ocr_carea ocr_par ocr_line ocrx_word'/>
</head>
<body>
  <div class='ocr_page' id='page_1' title='image "./richerihistoria00richgoog_0017.png"; bbox 0 0 2938 5016; ppageno 0'>
   <div class='ocr_carea' id='block_1_1' title="bbox 322 417 1188 472">
    <p class='ocr_par' dir='ltr' id='par_1_1' title="bbox 322 417 1188 472">
     <span class='ocr_line' id='line_1_1' title="bbox 322 417 1188 472; baseline 0 -3"><span class='ocrx_word' id='word_1_1' title='bbox 322 419 347 469; x_wconf 91' lang='lat' dir='ltr'>X</span> <span class='ocrx_word' id='word_1_2' title='bbox 561 417 714 469; x_wconf 83' lang='lat' dir='ltr'><em>RICHERI</em></span> <span class='ocrx_word' id='word_1_3' title='bbox 731 417 983 472; x_wconf 80' lang='lat' dir='ltr'><em>HISTORIARUM</em></span> <span class='ocrx_word' id='word_1_4' title='bbox 1001 418 1103 470; x_wconf 83' lang='lat' dir='ltr'>LIBRI</span> <span class='ocrx_word' id='word_1_5' title='bbox 1123 419 1188 469; x_wconf 89' lang='lat' dir='ltr'><em>IIII.</em></span> 
     </span>
    </p>
   </div>
   <div class='ocr_carea' id='block_1_2' title="bbox 309 585 1467 1260">
    <p class='ocr_par' dir='ltr' id='par_1_2' title="bbox 309 585 1467 1260">
     <span class='ocr_line' id='line_1_2' title="bbox 322 585 1467 672; baseline 0 -22"><span class='ocrx_word' id='word_1_6' title='bbox 322 588 384 650; x_wconf 89' lang='lat' dir='ltr'><em>tati</em></span> <span class='ocrx_word' id='word_1_7' title='bbox 415 586 612 651; x_wconf 87' lang='lat' dir='ltr'><em>tribueudi¹.</em></span> <span class='ocrx_word' id='word_1_8' title='bbox 674 585 761 650; x_wconf 84' lang='lat' dir='ltr'><em>Ordo</em></span> <span class='ocrx_word' id='word_1_9' title='bbox 793 588 830 650; x_wconf 88' lang='lat' dir='ltr'><em>iu</em></span> <span class='ocrx_word' id='word_1_10' title='bbox 862 587 1049 652; x_wconf 85' lang='lat' dir='ltr'><em>uuiversum</em></span> <span class='ocrx_word' id='word_1_11' title='bbox 1080 590 1234 672; x_wconf 82' lang='lat' dir='ltr'><em>temporis</em></span> <span class='ocrx_word' id='word_1_12' title='bbox 1266 589 1424 652; x_wconf 80' lang='lat' dir='ltr'><em>deorersum</em></span> <span class='ocrx_word' id='word_1_13' title='bbox 1460 639 1467 650; x_wconf 69' lang='grc'><strong>,</strong></span> 
     </span>
     <span class='ocr_line' id='line_1_3' title="bbox 323 662 1461 753; baseline 0 -19"><span class='ocrx_word' id='word_1_14' title='bbox 323 679 459 752; x_wconf 84' lang='lat' dir='ltr'><em>secutus,</em></span> <span class='ocrx_word' id='word_1_15' title='bbox 483 692 720 753; x_wconf 83' lang='lat' dir='ltr'><em>uouuuuquam</em></span> <span class='ocrx_word' id='word_1_16' title='bbox 744 671 852 734; x_wconf 84' lang='lat' dir='ltr'><em>studio</em></span> <span class='ocrx_word' id='word_1_17' title='bbox 873 692 983 736; x_wconf 88' lang='lat' dir='ltr'><em>rerum</em></span> <span class='ocrx_word' id='word_1_18' title='bbox 1004 672 1297 736; x_wconf 79' lang='lat' dir='ltr'><em>conuertendarum</em></span> <span class='ocrx_word' id='word_1_19' title='bbox 1325 673 1423 736; x_wconf 88' lang='lat' dir='ltr'><em>turbo·</em></span> <span class='ocrx_word' id='word_1_20' title='bbox 1456 662 1461 693; x_wconf 85' lang='lat'><strong>¹</strong></span> 
     </span>
     <span class='ocr_line' id='line_1_4' title="bbox 323 752 1422 842; baseline 0.001 -25"><span class='ocrx_word' id='word_1_21' title='bbox 323 763 386 818; x_wconf 91' lang='lat' dir='ltr'><em>tur.</em></span> <span class='ocrx_word' id='word_1_22' title='bbox 436 755 551 818; x_wconf 78' lang='lat' dir='ltr'><em>Oratio</em></span> <span class='ocrx_word' id='word_1_23' title='bbox 574 752 734 834; x_wconf 83' lang='lat' dir='ltr'><em>dilucida,</em></span> <span class='ocrx_word' id='word_1_24' title='bbox 763 754 876 834; x_wconf 87' lang='lat' dir='ltr'><em>breuis,</em></span> <span class='ocrx_word' id='word_1_25' title='bbox 907 756 1017 840; x_wconf 64' lang='lat' dir='ltr'><em>uigore</em></span> <span class='ocrx_word' id='word_1_26' title='bbox 1040 764 1069 818; x_wconf 90' lang='lat' dir='ltr'><em>et</em></span> <span class='ocrx_word' id='word_1_27' title='bbox 1090 755 1299 839; x_wconf 77' lang='lat' dir='ltr'><em>simplicitate</em></span> <span class='ocrx_word' id='word_1_28' title='bbox 1318 756 1422 842; x_wconf 83' lang='lat' dir='ltr'><em>piacet.</em></span> 
     </span>
     <span class='ocr_line' id='line_1_5' title="bbox 309 839 1423 923; baseline 0 -21"><span class='ocrx_word' id='word_1_29' title='bbox 309 886 313 896; x_wconf 88' lang='lat'><em>.</em></span> <span class='ocrx_word' id='word_1_30' title='bbox 406 839 577 918; x_wconf 86' lang='lat' dir='ltr'><em>Rioberus,</em></span> <span class='ocrx_word' id='word_1_31' title='bbox 608 861 703 923; x_wconf 82' lang='lat' dir='ltr'><em>opere</em></span> <span class='ocrx_word' id='word_1_32' title='bbox 732 860 833 922; x_wconf 83' lang='lat' dir='ltr'><em>usque</em></span> <span class='ocrx_word' id='word_1_33' title='bbox 863 839 909 901; x_wconf 85' lang='lat' dir='ltr'><em>ad</em></span> <span class='ocrx_word' id='word_1_34' title='bbox 935 861 1072 903; x_wconf 86' lang='lat' dir='ltr'><em>mensem</em></span> <span class='ocrx_word' id='word_1_35' title='bbox 1092 840 1234 906; x_wconf 79' lang='lat' dir='ltr'><em>Juuium</em></span> <span class='ocrx_word' id='word_1_36' title='bbox 1258 843 1343 904; x_wconf 87' lang='lat' dir='ltr'><em>anui</em></span> <span class='ocrx_word' id='word_1_37' title='bbox 1364 839 1423 903; x_wconf 82' lang='lat'>995.</span> 
     </span>
     <span class='ocr_line' id='line_1_6' title="bbox 318 920 1423 1009; baseline 0 -23"><span class='ocrx_word' id='word_1_38' title='bbox 318 923 487 1007; x_wconf 80' lang='lat' dir='ltr'><em>perducto,</em></span> <span class='ocrx_word' id='word_1_39' title='bbox 510 922 673 986; x_wconf 75' lang='lat' dir='ltr'><em>scribendi</em></span> <span class='ocrx_word' id='word_1_40' title='bbox 686 921 789 1003; x_wconf 78' lang='lat' dir='ltr'><em>fluam</em></span> <span class='ocrx_word' id='word_1_41' title='bbox 801 920 896 1005; x_wconf 89' lang='lat' dir='ltr'><em>feeit,</em></span> <span class='ocrx_word' id='word_1_42' title='bbox 915 925 1034 986; x_wconf 84' lang='lat' dir='ltr'><em>notatis</em></span> <span class='ocrx_word' id='word_1_43' title='bbox 1049 932 1155 988; x_wconf 86' lang='lat' dir='ltr'><em>tamem</em></span> <span class='ocrx_word' id='word_1_44' title='bbox 1166 926 1363 1009; x_wconf 80' lang='lat' dir='ltr'><em>praecipuis</em></span> <span class='ocrx_word' id='word_1_45' title='bbox 1378 948 1423 987; x_wconf 85' lang='lat' dir='ltr'><em>ou-</em></span> 
     </span>
     <span class='ocr_line' id='line_1_7' title="bbox 323 1004 1460 1094; baseline 0.003 -25"><span class='ocrx_word' id='word_1_46' title='bbox 323 1029 440 1070; x_wconf 89' lang='lat' dir='ltr'><em>uorum</em></span> <span class='ocrx_word' id='word_1_47' title='bbox 461 1005 533 1086; x_wconf 80' lang='grc'><strong>996,</strong></span> <span class='ocrx_word' id='word_1_48' title='bbox 555 1004 627 1070; x_wconf 81' lang='grc'><strong>991.</strong></span> <span class='ocrx_word' id='word_1_49' title='bbox 650 1014 679 1067; x_wconf 85' lang='grc'><em>81</em></span> <span class='ocrx_word' id='word_1_50' title='bbox 699 1004 771 1068; x_wconf 89' lang='grc'><strong>998.</strong></span> <span class='ocrx_word' id='word_1_51' title='bbox 793 1006 967 1087; x_wconf 82' lang='lat' dir='ltr'><em>eventibus,</em></span> <span class='ocrx_word' id='word_1_52' title='bbox 994 1007 1043 1070; x_wconf 87' lang='lat' dir='ltr'><em>ita</em></span> <span class='ocrx_word' id='word_1_53' title='bbox 1071 1017 1106 1072; x_wconf 89' lang='lat' dir='ltr'><em>ut</em></span> <span class='ocrx_word' id='word_1_54' title='bbox 1133 1030 1205 1072; x_wconf 89' lang='lat' dir='ltr'><em>eum</em></span> <span class='ocrx_word' id='word_1_55' title='bbox 1233 1009 1283 1072; x_wconf 87' lang='lat' dir='ltr'><em>bis</em></span> <span class='ocrx_word' id='word_1_56' title='bbox 1310 1032 1373 1094; x_wconf 81' lang='lat' dir='ltr'><em>quo</em></span> <span class='ocrx_word' id='word_1_57' title='bbox 1394 1032 1423 1072; x_wconf 86' lang='lat' dir='ltr'><em>ue</em></span> <span class='ocrx_word' id='word_1_58' title='bbox 1457 1026 1460 1039; x_wconf 82' lang='lat'>¹</span> 
     </span>
     <span class='ocr_line' id='line_1_8' title="bbox 323 1033 1467 1177; baseline 0 -23"><span class='ocrx_word' id='word_1_59' title='bbox 323 1090 563 1154; x_wconf 83' lang='lat' dir='ltr'><em>conscribendis</em></span> <span class='ocrx_word' id='word_1_60' title='bbox 587 1091 734 1154; x_wconf 86' lang='lat' dir='ltr'><em>amimam</em></span> <span class='ocrx_word' id='word_1_61' title='bbox 750 1090 926 1154; x_wconf 74' lang='lat' dir='ltr'><em>advertisse</em></span> <span class='ocrx_word' id='word_1_62' title='bbox 944 1099 1068 1174; x_wconf 82' lang='lat' dir='ltr'><em>pateat.</em></span> <span class='ocrx_word' id='word_1_63' title='bbox 1115 1090 1186 1164; x_wconf 83' lang='lat' dir='ltr'><em>Quo</em></span> <span class='ocrx_word' id='word_1_64' title='bbox 1201 1102 1342 1177; x_wconf 80' lang='lat' dir='ltr'><em>tempore</em></span> <span class='ocrx_word' id='word_1_65' title='bbox 1358 1033 1423 1156; x_wconf 65' lang='lat' dir='ltr'><em>(ier-</em></span> <span class='ocrx_word' id='word_1_66' title='bbox 1466 1159 1467 1164; x_wconf 48' lang='grc'>,</span> 
     </span>
     <span class='ocr_line' id='line_1_9' title="bbox 322 1174 1424 1260; baseline 0 -23"><span class='ocrx_word' id='word_1_67' title='bbox 322 1174 407 1238; x_wconf 88' lang='lat' dir='ltr'><em>berto</em></span> <span class='ocrx_word' id='word_1_68' title='bbox 431 1175 476 1238; x_wconf 85' lang='lat' dir='ltr'><em>ad</em></span> <span class='ocrx_word' id='word_1_69' title='bbox 503 1175 607 1238; x_wconf 84' lang='lat' dir='ltr'><em>sedem</em></span> <span class='ocrx_word' id='word_1_70' title='bbox 629 1175 852 1238; x_wconf 78' lang='lat' dir='ltr'><em>Rauennatem</em></span> <span class='ocrx_word' id='word_1_71' title='bbox 881 1184 910 1236; x_wconf 89' lang='lat' dir='ltr'><em>et</em></span> <span class='ocrx_word' id='word_1_72' title='bbox 936 1197 1024 1239; x_wconf 88' lang='lat' dir='ltr'><em>auuo</em></span> <span class='ocrx_word' id='word_1_73' title='bbox 1054 1178 1199 1259; x_wconf 77' lang='lat' dir='ltr'><em>sequenti</em></span> <span class='ocrx_word' id='word_1_74' title='bbox 1222 1176 1424 1260; x_wconf 69' lang='lat' dir='ltr'><em>pontificatus</em></span> 
     </span>
    </p>
   </div>
   <div class='ocr_carea' id='block_1_3' title="bbox 317 1259 1467 1743">
    <p class='ocr_par' dir='ltr' id='par_1_3' title="bbox 317 1259 1467 1743">
     <span class='ocr_line' id='line_1_10' title="bbox 322 1259 1462 1344; baseline 0 -22"><span class='ocrx_word' id='word_1_75' title='bbox 322 1259 467 1323; x_wconf 81' lang='lat' dir='ltr'><em>Romami</em></span> <span class='ocrx_word' id='word_1_76' title='bbox 490 1259 535 1321; x_wconf 84' lang='lat' dir='ltr'><em>ad</em></span> <span class='ocrx_word' id='word_1_77' title='bbox 559 1259 684 1343; x_wconf 79' lang='lat' dir='ltr'><em>apicem</em></span> <span class='ocrx_word' id='word_1_78' title='bbox 699 1268 859 1344; x_wconf 78' lang='lat' dir='ltr'><em>promoto,</em></span> <span class='ocrx_word' id='word_1_79' title='bbox 891 1282 935 1322; x_wconf 89' lang='lat' dir='ltr'><em>au</em></span> <span class='ocrx_word' id='word_1_80' title='bbox 958 1259 1120 1323; x_wconf 80' lang='lat' dir='ltr'><em>Rioberus</em></span> <span class='ocrx_word' id='word_1_81' title='bbox 1143 1282 1225 1344; x_wconf 81' lang='lat' dir='ltr'><em>opus</em></span> <span class='ocrx_word' id='word_1_82' title='bbox 1248 1261 1424 1324; x_wconf 87' lang='lat' dir='ltr'><em>tramsmiso·</em></span> <span class='ocrx_word' id='word_1_83' title='bbox 1456 1260 1462 1338; x_wconf 75' lang='grc'><em>1</em></span> 
     </span>
     <span class='ocr_line' id='line_1_11' title="bbox 322 1341 1422 1428; baseline 0.002 -24"><span class='ocrx_word' id='word_1_84' title='bbox 322 1344 375 1423; x_wconf 85' lang='lat' dir='ltr'><em>rit,</em></span> <span class='ocrx_word' id='word_1_85' title='bbox 399 1343 548 1406; x_wconf 82' lang='lat' dir='ltr'><em>dubitari</em></span> <span class='ocrx_word' id='word_1_86' title='bbox 568 1351 682 1426; x_wconf 81' lang='lat' dir='ltr'><em>potest.</em></span> <span class='ocrx_word' id='word_1_87' title='bbox 730 1341 817 1407; x_wconf 78' lang='lat' dir='ltr'><em>Certe</em></span> <span class='ocrx_word' id='word_1_88' title='bbox 840 1343 1069 1428; x_wconf 73' lang='lat' dir='ltr'><em>autoprapbus</em></span> <span class='ocrx_word' id='word_1_89' title='bbox 1091 1341 1172 1407; x_wconf 86' lang='lat' dir='ltr'><em>liber</em></span> <span class='ocrx_word' id='word_1_90' title='bbox 1193 1367 1259 1408; x_wconf 88' lang='lat' dir='ltr'><em>uou</em></span> <span class='ocrx_word' id='word_1_91' title='bbox 1280 1346 1329 1408; x_wconf 89' lang='lat' dir='ltr'><em>ita</em></span> <span class='ocrx_word' id='word_1_92' title='bbox 1353 1367 1422 1409; x_wconf 87' lang='lat' dir='ltr'><em>eom-</em></span> 
     </span>
     <span class='ocr_line' id='line_1_12' title="bbox 317 1426 1467 1512; baseline -0.001 -23"><span class='ocrx_word' id='word_1_93' title='bbox 317 1435 463 1510; x_wconf 76' lang='lat' dir='ltr'><em>paratur</em></span> <span class='ocrx_word' id='word_1_94' title='bbox 492 1435 546 1508; x_wconf 85' lang='lat' dir='ltr'><em>est,</em></span> <span class='ocrx_word' id='word_1_95' title='bbox 577 1435 613 1489; x_wconf 87' lang='lat' dir='ltr'><em>ut</em></span> <span class='ocrx_word' id='word_1_96' title='bbox 643 1426 886 1512; x_wconf 74' lang='lat' dir='ltr'><em>archiepiscopi</em></span> <span class='ocrx_word' id='word_1_97' title='bbox 915 1429 1070 1490; x_wconf 78' lang='lat' dir='ltr'><em>summias</em></span> <span class='ocrx_word' id='word_1_98' title='bbox 1092 1427 1263 1512; x_wconf 77' lang='lat' dir='ltr'><em>pontificis</em></span> <span class='ocrx_word' id='word_1_99' title='bbox 1284 1429 1424 1493; x_wconf 84' lang='lat' dir='ltr'><em>monibus</em></span> <span class='ocrx_word' id='word_1_100' title='bbox 1466 1431 1467 1502; x_wconf 73' lang='lat' dir='ltr'>s</span> 
     </span>
     <span class='ocr_line' id='line_1_13' title="bbox 322 1507 1423 1598; baseline 0.002 -26"><span class='ocrx_word' id='word_1_101' title='bbox 322 1511 481 1574; x_wconf 85' lang='lat' dir='ltr'><em>traditum</em></span> <span class='ocrx_word' id='word_1_102' title='bbox 494 1507 603 1590; x_wconf 85' lang='lat' dir='ltr'><em>facile</em></span> <span class='ocrx_word' id='word_1_103' title='bbox 625 1511 801 1574; x_wconf 85' lang='lat' dir='ltr'><em>eur&#39;stimem</em></span> <span class='ocrx_word' id='word_1_104' title='bbox 809 1533 821 1591; x_wconf 89' lang='lat'><em>;</em></span> <span class='ocrx_word' id='word_1_105' title='bbox 856 1511 961 1574; x_wconf 84' lang='lat' dir='ltr'><em>deseri</em></span> <span class='ocrx_word' id='word_1_106' title='bbox 987 1520 1053 1574; x_wconf 93' lang='lat' dir='ltr'><em>tum</em></span> <span class='ocrx_word' id='word_1_107' title='bbox 1077 1520 1182 1576; x_wconf 91' lang='lat' dir='ltr'><em>autem</em></span> <span class='ocrx_word' id='word_1_108' title='bbox 1194 1511 1317 1596; x_wconf 76' lang='lat' dir='ltr'><em>fuisse,</em></span> <span class='ocrx_word' id='word_1_109' title='bbox 1342 1513 1423 1598; x_wconf 72' lang='grc'><strong>1988-</strong></span> 
     </span>
     <span class='ocr_line' id='line_1_14' title="bbox 322 1535 1425 1743; baseline 0 -89"><span class='ocrx_word' id='word_1_110' title='bbox 322 1616 444 1658; x_wconf 90' lang='lat' dir='ltr'><em>ramus.</em></span> <span class='ocrx_word' id='word_1_111' title='bbox 487 1595 537 1656; x_wconf 90' lang='lat' dir='ltr'><em>De</em></span> <span class='ocrx_word' id='word_1_112' title='bbox 560 1595 700 1658; x_wconf 76' lang='lat' dir='ltr'><em>Iticbero</em></span> <span class='ocrx_word' id='word_1_113' title='bbox 723 1615 847 1678; x_wconf 79' lang='lat' dir='ltr'><em>quoque</em></span> <span class='ocrx_word' id='word_1_114' title='bbox 870 1535 1012 1743; x_wconf 43' lang='lat' dir='ltr'><em>angliae</em></span> <span class='ocrx_word' id='word_1_115' title='bbox 1035 1595 1120 1660; x_wconf 88' lang='lat' dir='ltr'><em>uibii</em></span> <span class='ocrx_word' id='word_1_116' title='bbox 1142 1605 1276 1678; x_wconf 88' lang='lat' dir='ltr'><em>coustat,</em></span> <span class='ocrx_word' id='word_1_117' title='bbox 1301 1606 1425 1681; x_wconf 79' lang='lat' dir='ltr'><em>praeter</em></span> 
     </span>
    </p>
   </div>
   <div class='ocr_carea' id='block_1_4' title="bbox 208 1678 1467 2519">
    <p class='ocr_par' dir='ltr' id='par_1_4' title="bbox 323 1678 1467 1763">
     <span class='ocr_line' id='line_1_15' title="bbox 323 1678 1467 1763; baseline 0.003 -24"><span class='ocrx_word' id='word_1_118' title='bbox 323 1679 419 1762; x_wconf 81' lang='lat' dir='ltr'><em>quod,</em></span> <span class='ocrx_word' id='word_1_119' title='bbox 442 1679 549 1741; x_wconf 84' lang='lat' dir='ltr'><em>studio</em></span> <span class='ocrx_word' id='word_1_120' title='bbox 572 1680 642 1763; x_wconf 83' lang='lat' dir='ltr'><em>ejus</em></span> <span class='ocrx_word' id='word_1_121' title='bbox 663 1678 781 1742; x_wconf 87' lang='lat' dir='ltr'><em>bibrum</em></span> <span class='ocrx_word' id='word_1_122' title='bbox 802 1678 883 1763; x_wconf 74' lang='lat' dir='ltr'><em>lepis</em></span> <span class='ocrx_word' id='word_1_123' title='bbox 933 1679 1049 1760; x_wconf 87' lang='lat' dir='ltr'><em>olicae,</em></span> <span class='ocrx_word' id='word_1_124' title='bbox 1071 1681 1130 1763; x_wconf 84' lang='lat' dir='ltr'><em>qui</em></span> <span class='ocrx_word' id='word_1_125' title='bbox 1151 1681 1245 1744; x_wconf 84' lang='lat' dir='ltr'><em>bodie</em></span> <span class='ocrx_word' id='word_1_126' title='bbox 1266 1682 1303 1743; x_wconf 85' lang='lat' dir='ltr'><em>im</em></span> <span class='ocrx_word' id='word_1_127' title='bbox 1327 1679 1424 1743; x_wconf 81' lang='lat' dir='ltr'><em>biblio·</em></span> <span class='ocrx_word' id='word_1_128' title='bbox 1466 1687 1467 1690; x_wconf 73' lang='grc'>’</span> 
     </span>
    </p>

    <p class='ocr_par' dir='ltr' id='par_1_5' title="bbox 322 1761 1467 1848">
     <span class='ocr_line' id='line_1_16' title="bbox 322 1761 1467 1848; baseline 0.003 -26"><span class='ocrx_word' id='word_1_129' title='bbox 322 1761 413 1824; x_wconf 84' lang='lat' dir='ltr'><em>tbera</em></span> <span class='ocrx_word' id='word_1_130' title='bbox 434 1783 469 1822; x_wconf 91' lang='lat' dir='ltr'><em>ro</em></span> <span class='ocrx_word' id='word_1_131' title='bbox 494 1763 529 1824; x_wconf 87' lang='lat' dir='ltr'><em>ia</em></span> <span class='ocrx_word' id='word_1_132' title='bbox 544 1761 729 1825; x_wconf 84' lang='lat' dir='ltr'><em>Parisieusi</em></span> <span class='ocrx_word' id='word_1_133' title='bbox 743 1784 876 1826; x_wconf 81' lang='lat' dir='ltr'><em>numero</em></span> <span class='ocrx_word' id='word_1_134' title='bbox 891 1763 984 1826; x_wconf 80' lang='grc'><strong>4789.</strong></span> <span class='ocrx_word' id='word_1_135' title='bbox 1006 1765 1189 1848; x_wconf 71' lang='lat' dir='ltr'><em>iusiyuitus</em></span> <span class='ocrx_word' id='word_1_136' title='bbox 1206 1773 1303 1844; x_wconf 80' lang='lat' dir='ltr'><em>arctat,</em></span> <span class='ocrx_word' id='word_1_137' title='bbox 1325 1763 1424 1827; x_wconf 81' lang='lat' dir='ltr'><em>biblio·</em></span> <span class='ocrx_word' id='word_1_138' title='bbox 1461 1802 1467 1846; x_wconf 65' lang='lat'><strong><em>5</em></strong></span> 
     </span>
    </p>

    <p class='ocr_par' dir='ltr' id='par_1_6' title="bbox 323 1784 1462 1992">
     <span class='ocr_line' id='line_1_17' title="bbox 323 1784 1462 1992; baseline 0.003 -87"><span class='ocrx_word' id='word_1_139' title='bbox 323 1845 431 1992; x_wconf 49' lang='lat' dir='ltr'><em>theclae</em></span> <span class='ocrx_word' id='word_1_140' title='bbox 458 1784 576 1909; x_wconf 63' lang='lat' dir='ltr'><em>dauers·</em></span> <span class='ocrx_word' id='word_1_141' title='bbox 601 1846 746 1930; x_wconf 77' lang='lat' dir='ltr'><em>Remiqii</em></span> <span class='ocrx_word' id='word_1_142' title='bbox 771 1846 939 1909; x_wconf 83' lang='lat' dir='ltr'><em>Remeusis</em></span> <span class='ocrx_word' id='word_1_143' title='bbox 972 1847 1109 1928; x_wconf 82' lang='lat' dir='ltr'><em>illatum,</em></span> <span class='ocrx_word' id='word_1_144' title='bbox 1142 1849 1314 1931; x_wconf 86' lang='lat' dir='ltr'><em>inscriptio</em></span> <span class='ocrx_word' id='word_1_145' title='bbox 1349 1857 1425 1912; x_wconf 80' lang='lat' dir='ltr'><em>uetus</em></span> <span class='ocrx_word' id='word_1_146' title='bbox 1456 1862 1462 1917; x_wconf 75' lang='grc'><em>1</em></span> 
     </span>
    </p>

    <p class='ocr_par' dir='ltr' id='par_1_7' title="bbox 208 1930 1467 2434">
     <span class='ocr_line' id='line_1_18' title="bbox 322 1930 1467 2004; baseline 0.002 -14"><span class='ocrx_word' id='word_1_147' title='bbox 322 1937 375 1991; x_wconf 85' lang='lat' dir='ltr'><em>tra</em></span> <span class='ocrx_word' id='word_1_148' title='bbox 400 1930 425 1992; x_wconf 90' lang='lat' dir='ltr'><em>it</em></span> <span class='ocrx_word' id='word_1_149' title='bbox 435 1938 455 1994; x_wconf 88' lang='lat'><em>¹.</em></span> <span class='ocrx_word' id='word_1_150' title='bbox 1466 1993 1467 2004; x_wconf 59' lang='lat'><em>,</em></span> 
     </span>
     <span class='ocr_line' id='line_1_19' title="bbox 408 2012 1425 2098; baseline 0.001 -23"><span class='ocrx_word' id='word_1_151' title='bbox 408 2012 559 2076; x_wconf 78' lang='lat' dir='ltr'><em>Historia</em></span> <span class='ocrx_word' id='word_1_152' title='bbox 582 2021 721 2098; x_wconf 73' lang='lat' dir='ltr'><em>autoqra</em></span> <span class='ocrx_word' id='word_1_153' title='bbox 749 2013 793 2075; x_wconf 90' lang='lat' dir='ltr'><em>ba</em></span> <span class='ocrx_word' id='word_1_154' title='bbox 808 2013 936 2078; x_wconf 79' lang='lat' dir='ltr'><em>saecrtlo</em></span> <span class='ocrx_word' id='word_1_155' title='bbox 952 2013 1008 2076; x_wconf 89' lang='lat' dir='ltr'><em>XI.</em></span> <span class='ocrx_word' id='word_1_156' title='bbox 1024 2014 1231 2079; x_wconf 79' lang='lat' dir='ltr'><em>bibliothecae</em></span> <span class='ocrx_word' id='word_1_157' title='bbox 1246 2016 1425 2079; x_wconf 85' lang='lat' dir='ltr'><em>monosterii</em></span> 
     </span>
     <span class='ocr_line' id='line_1_20' title="bbox 208 2036 1426 2183; baseline -0.002 -22"><span class='ocrx_word' id='word_1_158' title='bbox 208 2114 246 2170; x_wconf 63' lang='grc'><em>’8.</em></span> <span class='ocrx_word' id='word_1_159' title='bbox 262 2094 359 2162; x_wconf 72' lang='grc'><strong>11819.</strong></span> <span class='ocrx_word' id='word_1_160' title='bbox 382 2095 553 2160; x_wconf 80' lang='lat' dir='ltr'><em>biiobaebis</em></span> <span class='ocrx_word' id='word_1_161' title='bbox 577 2036 876 2183; x_wconf 69' lang='lat' dir='ltr'><em>*Bubeuiiirpemsis</em></span> <span class='ocrx_word' id='word_1_162' title='bbox 898 2098 937 2161; x_wconf 90' lang='lat' dir='ltr'><em>ub</em></span> <span class='ocrx_word' id='word_1_163' title='bbox 961 2098 1119 2162; x_wconf 89' lang='lat' dir='ltr'><em>Heiurieo</em></span> <span class='ocrx_word' id='word_1_164' title='bbox 1143 2099 1187 2161; x_wconf 92' lang='lat' dir='ltr'><em>II.</em></span> <span class='ocrx_word' id='word_1_165' title='bbox 1209 2102 1252 2162; x_wconf 86' lang='lat' dir='ltr'><em>im</em></span> <span class='ocrx_word' id='word_1_166' title='bbox 1281 2148 1287 2162; x_wconf 93' lang='lat'>.</span> <span class='ocrx_word' id='word_1_167' title='bbox 1311 2099 1426 2163; x_wconf 79' lang='lat' dir='ltr'><em>conditi</em></span> 
     </span>
     <span class='ocr_line' id='line_1_21' title="bbox 322 2123 1426 2266; baseline -0.001 -22"><span class='ocrx_word' id='word_1_168' title='bbox 322 2182 408 2244; x_wconf 83' lang='lat' dir='ltr'><em>iuter</em></span> <span class='ocrx_word' id='word_1_169' title='bbox 423 2181 553 2266; x_wconf 82' lang='lat' dir='ltr'><em>primos</em></span> <span class='ocrx_word' id='word_1_170' title='bbox 575 2183 645 2266; x_wconf 85' lang='lat' dir='ltr'><em>ojus</em></span> <span class='ocrx_word' id='word_1_171' title='bbox 657 2181 805 2265; x_wconf 88' lang='lat' dir='ltr'><em>fortasse</em></span> <span class='ocrx_word' id='word_1_172' title='bbox 827 2181 926 2246; x_wconf 87' lang='lat' dir='ltr'><em>libros</em></span> <span class='ocrx_word' id='word_1_173' title='bbox 941 2179 1046 2262; x_wconf 81' lang='lat' dir='ltr'><em>illota,</em></span> <span class='ocrx_word' id='word_1_174' title='bbox 1069 2205 1141 2246; x_wconf 89' lang='lat' dir='ltr'><em>cum</em></span> <span class='ocrx_word' id='word_1_175' title='bbox 1157 2182 1233 2246; x_wconf 85' lang='lat' dir='ltr'><em>aliis</em></span> <span class='ocrx_word' id='word_1_176' title='bbox 1248 2123 1343 2246; x_wconf 63' lang='lat' dir='ltr'><em>[ibris</em></span> <span class='ocrx_word' id='word_1_177' title='bbox 1360 2181 1426 2245; x_wconf 70' lang='lat' dir='ltr'><em>(ier-</em></span> 
     </span>
     <span class='ocr_line' id='line_1_22' title="bbox 323 2264 1426 2351; baseline 0 -24"><span class='ocrx_word' id='word_1_178' title='bbox 323 2265 408 2328; x_wconf 87' lang='lat' dir='ltr'><em>berto</em></span> <span class='ocrx_word' id='word_1_179' title='bbox 437 2273 466 2326; x_wconf 89' lang='lat' dir='ltr'><em>et</em></span> <span class='ocrx_word' id='word_1_180' title='bbox 493 2264 634 2328; x_wconf 81' lang='lat' dir='ltr'><em>Ricbero</em></span> <span class='ocrx_word' id='word_1_181' title='bbox 663 2267 747 2330; x_wconf 87' lang='lat' dir='ltr'><em>uotis</em></span> <span class='ocrx_word' id='word_1_182' title='bbox 769 2267 806 2328; x_wconf 89' lang='lat' dir='ltr'><em>iu</em></span> <span class='ocrx_word' id='word_1_183' title='bbox 833 2265 982 2351; x_wconf 73' lang='lat' dir='ltr'><em>catoioqo</em></span> <span class='ocrx_word' id='word_1_184' title='bbox 1012 2266 1173 2350; x_wconf 72' lang='lat' dir='ltr'><em>liuotperi</em></span> <span class='ocrx_word' id='word_1_185' title='bbox 1204 2268 1296 2330; x_wconf 87' lang='lat' dir='ltr'><em>iutro</em></span> <span class='ocrx_word' id='word_1_186' title='bbox 1331 2286 1426 2331; x_wconf 90' lang='lat' dir='ltr'><em>auuos</em></span> 
     </span>
     <span class='ocr_line' id='line_1_23' title="bbox 324 2346 1426 2434; baseline -0.001 -24"><span class='ocrx_word' id='word_1_187' title='bbox 324 2346 541 2414; x_wconf 72' lang='lat' dir='ltr'><em>mla-1123.</em></span> <span class='ocrx_word' id='word_1_188' title='bbox 564 2349 706 2432; x_wconf 84' lang='lat' dir='ltr'><em>conferto</em></span> <span class='ocrx_word' id='word_1_189' title='bbox 728 2359 943 2430; x_wconf 81' lang='lat' dir='ltr'><em>reeeusetur⁸,</em></span> <span class='ocrx_word' id='word_1_190' title='bbox 964 2351 1073 2434; x_wconf 81' lang='lat' dir='ltr'><em>ibique</em></span> <span class='ocrx_word' id='word_1_191' title='bbox 1095 2352 1194 2414; x_wconf 85' lang='lat' dir='ltr'><em>anuis</em></span> <span class='ocrx_word' id='word_1_192' title='bbox 1218 2349 1426 2414; x_wconf 81' lang='lat'>1098-1101.</span> 
     </span>
    </p>

    <p class='ocr_par' dir='ltr' id='par_1_8' title="bbox 324 2432 1464 2519">
     <span class='ocr_line' id='line_1_24' title="bbox 324 2432 1464 2519; baseline 0.005 -25"><span class='ocrx_word' id='word_1_193' title='bbox 324 2433 363 2496; x_wconf 88' lang='lat' dir='ltr'><em>ub</em></span> <span class='ocrx_word' id='word_1_194' title='bbox 386 2432 582 2497; x_wconf 81' lang='lat' dir='ltr'><em>Ekicebardo</em></span> <span class='ocrx_word' id='word_1_195' title='bbox 611 2433 813 2518; x_wconf 77' lang='lat' dir='ltr'><em>Uruupieusi</em></span> <span class='ocrx_word' id='word_1_196' title='bbox 820 2442 849 2513; x_wconf 84' lang='lat'><em>⁴,</em></span> <span class='ocrx_word' id='word_1_197' title='bbox 872 2443 901 2498; x_wconf 91' lang='lat' dir='ltr'><em>et</em></span> <span class='ocrx_word' id='word_1_198' title='bbox 923 2434 1175 2519; x_wconf 74' lang='lat' dir='ltr'><em>quadriupemtis</em></span> <span class='ocrx_word' id='word_1_199' title='bbox 1198 2435 1297 2498; x_wconf 85' lang='lat' dir='ltr'><em>anuis</em></span> <span class='ocrx_word' id='word_1_200' title='bbox 1314 2443 1391 2519; x_wconf 79' lang='lat' dir='ltr'><em>post</em></span> <span class='ocrx_word' id='word_1_201' title='bbox 1410 2456 1425 2494; x_wconf 87' lang='lat' dir='ltr'><em>a</em></span> <span class='ocrx_word' id='word_1_202' title='bbox 1458 2448 1464 2500; x_wconf 87' lang='lat' dir='ltr'><em>t</em></span> 
     </span>
    </p>
   </div>
   <div class='ocr_carea' id='block_1_5' title="bbox 321 2617 1467 4442">
    <p class='ocr_par' dir='ltr' id='par_1_9' title="bbox 321 2617 1467 4442">
     <span class='ocr_line' id='line_1_25' title="bbox 397 2617 1424 2688; baseline 0.003 -21"><span class='ocrx_word' id='word_1_203' title='bbox 397 2617 424 2682; x_wconf 86' lang='lat'><em>1)</em></span> <span class='ocrx_word' id='word_1_204' title='bbox 440 2618 514 2669; x_wconf 86' lang='lat' dir='ltr'><em>Alios</em></span> <span class='ocrx_word' id='word_1_205' title='bbox 529 2620 609 2668; x_wconf 89' lang='lat' dir='ltr'><em>etium</em></span> <span class='ocrx_word' id='word_1_206' title='bbox 622 2635 649 2669; x_wconf 91' lang='lat' dir='ltr'><em>re</em></span> <span class='ocrx_word' id='word_1_207' title='bbox 663 2619 734 2670; x_wconf 87' lang='lat' dir='ltr'><em>haud</em></span> <span class='ocrx_word' id='word_1_208' title='bbox 754 2621 823 2670; x_wconf 88' lang='lat' dir='ltr'><em>bene</em></span> <span class='ocrx_word' id='word_1_209' title='bbox 837 2635 968 2686; x_wconf 83' lang='lat' dir='ltr'><em>perpensa</em></span> <span class='ocrx_word' id='word_1_210' title='bbox 983 2623 1128 2684; x_wconf 81' lang='lat' dir='ltr'><em>commisit3</em></span> <span class='ocrx_word' id='word_1_211' title='bbox 1149 2638 1172 2672; x_wconf 87' lang='lat' dir='ltr'><em>e.</em></span> <span class='ocrx_word' id='word_1_212' title='bbox 1186 2638 1212 2688; x_wconf 80' lang='lat' dir='ltr'><em>g.</em></span> <span class='ocrx_word' id='word_1_213' title='bbox 1227 2624 1249 2683; x_wconf 90' lang='lat' dir='ltr'><em>I,</em></span> <span class='ocrx_word' id='word_1_214' title='bbox 1261 2624 1286 2674; x_wconf 86' lang='lat'><em>3.</em></span> <span class='ocrx_word' id='word_1_215' title='bbox 1306 2623 1424 2674; x_wconf 87' lang='lat' dir='ltr'><em>Karclum</em></span> 
     </span>
     <span class='ocr_line' id='line_1_26' title="bbox 321 2691 1425 2759; baseline 0.003 -19"><span class='ocrx_word' id='word_1_216' title='bbox 321 2695 396 2756; x_wconf 86' lang='lat' dir='ltr'><em>putre</em></span> <span class='ocrx_word' id='word_1_217' title='bbox 417 2691 532 2742; x_wconf 90' lang='lat' dir='ltr'><em>obeunte</em></span> <span class='ocrx_word' id='word_1_218' title='bbox 552 2691 683 2754; x_wconf 78' lang='lat' dir='ltr'><em>biennem,</em></span> <span class='ocrx_word' id='word_1_219' title='bbox 712 2693 797 2754; x_wconf 80' lang='lat'><em>1,12.</em></span> <span class='ocrx_word' id='word_1_220' title='bbox 827 2708 896 2742; x_wconf 85' lang='lat' dir='ltr'><em>urrno</em></span> <span class='ocrx_word' id='word_1_221' title='bbox 916 2693 978 2743; x_wconf 86' lang='grc'><strong>893.</strong></span> <span class='ocrx_word' id='word_1_222' title='bbox 1008 2695 1186 2759; x_wconf 83' lang='lat' dir='ltr'><em>quindennem</em></span> <span class='ocrx_word' id='word_1_223' title='bbox 1205 2697 1281 2759; x_wconf 64' lang='lat' dir='ltr'><em>facim</em></span> <span class='ocrx_word' id='word_1_224' title='bbox 1302 2697 1354 2756; x_wconf 91' lang='lat'><em>111,</em></span> <span class='ocrx_word' id='word_1_225' title='bbox 1374 2695 1425 2745; x_wconf 77' lang='lat'>109.</span> 
     </span>
     <span class='ocr_line' id='line_1_27' title="bbox 322 2764 1425 2836; baseline 0.003 -23"><span class='ocrx_word' id='word_1_226' title='bbox 322 2764 442 2814; x_wconf 88' lang='lat' dir='ltr'><em>Letharii</em></span> <span class='ocrx_word' id='word_1_227' title='bbox 461 2780 544 2816; x_wconf 85' lang='lat' dir='ltr'><em>annos</em></span> <span class='ocrx_word' id='word_1_228' title='bbox 565 2780 617 2814; x_wconf 90' lang='grc'><em>888</em></span> <span class='ocrx_word' id='word_1_229' title='bbox 636 2769 761 2816; x_wconf 83' lang='grc'><strong>88881818</strong></span> <span class='ocrx_word' id='word_1_230' title='bbox 782 2770 926 2832; x_wconf 88' lang='lat' dir='ltr'><em>computat.</em></span> <span class='ocrx_word' id='word_1_231' title='bbox 1002 2767 1031 2832; x_wconf 73' lang='lat'><em>2)</em></span> <span class='ocrx_word' id='word_1_232' title='bbox 1050 2767 1132 2818; x_wconf 87' lang='lat' dir='ltr'><em>Liber</em></span> <span class='ocrx_word' id='word_1_233' title='bbox 1146 2769 1232 2820; x_wconf 80' lang='lat' dir='ltr'><em>suncti</em></span> <span class='ocrx_word' id='word_1_234' title='bbox 1250 2768 1425 2836; x_wconf 76' lang='grc' dir='ltr'><strong>118811ρὶ1111-</strong></span> 
     </span>
     <span class='ocr_line' id='line_1_28' title="bbox 322 2829 1467 2908; baseline 0.003 -21"><span class='ocrx_word' id='word_1_235' title='bbox 322 2837 366 2888; x_wconf 81' lang='lat' dir='ltr'><em>dio</em></span> <span class='ocrx_word' id='word_1_236' title='bbox 386 2829 588 2890; x_wconf 75' lang='lat' dir='ltr'><em>...u...r&#39;i”s</em></span> <span class='ocrx_word' id='word_1_237' title='bbox 606 2837 732 2891; x_wconf 84' lang='lat' dir='ltr'><em>ricber..</em></span> <span class='ocrx_word' id='word_1_238' title='bbox 816 2839 846 2904; x_wconf 83' lang='lat'><em>3)</em></span> <span class='ocrx_word' id='word_1_239' title='bbox 867 2839 1012 2903; x_wconf 84' lang='lat' dir='ltr'><em>Schunnat,</em></span> <span class='ocrx_word' id='word_1_240' title='bbox 1032 2841 1155 2892; x_wconf 88' lang='lat' dir='ltr'><em>Vindem.</em></span> <span class='ocrx_word' id='word_1_241' title='bbox 1175 2843 1198 2906; x_wconf 93' lang='lat' dir='ltr'><em>I,</em></span> <span class='ocrx_word' id='word_1_242' title='bbox 1218 2844 1262 2893; x_wconf 74' lang='lat'><em>52.</em></span> <span class='ocrx_word' id='word_1_243' title='bbox 1345 2841 1374 2908; x_wconf 87' lang='lat'><em>4)</em></span> <span class='ocrx_word' id='word_1_244' title='bbox 1393 2841 1426 2892; x_wconf 74' lang='grc'><strong>(11.</strong></span> <span class='ocrx_word' id='word_1_245' title='bbox 1466 2833 1467 2868; x_wconf 63' lang='lat'><strong>³</strong></span> 
     </span>
     <span class='ocr_line' id='line_1_29' title="bbox 321 2910 1426 2974; baseline 0.004 -14"><span class='ocrx_word' id='word_1_246' title='bbox 321 2910 402 2960; x_wconf 79' lang='lat' dir='ltr'><em>Arch.</em></span> <span class='ocrx_word' id='word_1_247' title='bbox 422 2911 484 2974; x_wconf 91' lang='lat' dir='ltr'><em>VII,</em></span> <span class='ocrx_word' id='word_1_248' title='bbox 503 2913 565 2962; x_wconf 79' lang='lat'>470.</span> <span class='ocrx_word' id='word_1_249' title='bbox 585 2913 647 2961; x_wconf 84' lang='grc'><strong>411.</strong></span> <span class='ocrx_word' id='word_1_250' title='bbox 672 2911 860 2974; x_wconf 84' lang='lat' dir='ltr'><em>Ekkehurdus,</em></span> <span class='ocrx_word' id='word_1_251' title='bbox 880 2917 972 2962; x_wconf 85' lang='lat' dir='ltr'><em>contra</em></span> <span class='ocrx_word' id='word_1_252' title='bbox 991 2930 1090 2964; x_wconf 90' lang='lat' dir='ltr'><em>morem</em></span> <span class='ocrx_word' id='word_1_253' title='bbox 1110 2918 1232 2966; x_wconf 90' lang='lat' dir='ltr'><em>suumin</em></span> <span class='ocrx_word' id='word_1_254' title='bbox 1253 2915 1426 2967; x_wconf 85' lang='lat' dir='ltr'><em>exscribendis</em></span> 
     </span>
     <span class='ocr_line' id='line_1_30' title="bbox 322 2983 1426 3051; baseline 0.004 -19"><span class='ocrx_word' id='word_1_255' title='bbox 322 2983 382 3034; x_wconf 85' lang='lat' dir='ltr'><em>aliis</em></span> <span class='ocrx_word' id='word_1_256' title='bbox 401 2985 575 3048; x_wconf 80' lang='lat' dir='ltr'><em>scriptoribus</em></span> <span class='ocrx_word' id='word_1_257' title='bbox 594 2985 743 3051; x_wconf 88' lang='lat' dir='ltr'><em>probatum,</em></span> <span class='ocrx_word' id='word_1_258' title='bbox 762 2985 1240 3048; x_wconf 71' lang='grc'><strong>3181181118118881111111818811181,</strong></span> <span class='ocrx_word' id='word_1_259' title='bbox 1260 3005 1311 3040; x_wconf 88' lang='grc'><em>888</em></span> <span class='ocrx_word' id='word_1_260' title='bbox 1330 2995 1426 3041; x_wconf 88' lang='lat' dir='ltr'><em>tantum</em></span> 
     </span>
     <span class='ocr_line' id='line_1_31' title="bbox 322 3055 1467 3128; baseline 0.007 -22"><span class='ocrx_word' id='word_1_261' title='bbox 322 3055 376 3106; x_wconf 86' lang='lat' dir='ltr'><em>alia</em></span> <span class='ocrx_word' id='word_1_262' title='bbox 403 3058 486 3106; x_wconf 86' lang='lat' dir='ltr'><em>verba</em></span> <span class='ocrx_word' id='word_1_263' title='bbox 514 3059 721 3123; x_wconf 84' lang='lat' dir='ltr'><em>sententiasque,</em></span> <span class='ocrx_word' id='word_1_264' title='bbox 750 3058 797 3108; x_wconf 88' lang='lat' dir='ltr'><em>sed</em></span> <span class='ocrx_word' id='word_1_265' title='bbox 823 3059 872 3124; x_wconf 90' lang='lat' dir='ltr'><em>bis,</em></span> <span class='ocrx_word' id='word_1_266' title='bbox 901 3061 930 3109; x_wconf 88' lang='lat' dir='ltr'><em>in</em></span> <span class='ocrx_word' id='word_1_267' title='bbox 958 3059 1068 3110; x_wconf 83' lang='lat' dir='ltr'><em>historin</em></span> <span class='ocrx_word' id='word_1_268' title='bbox 1097 3061 1202 3112; x_wconf 89' lang='lat' dir='ltr'><em>scilicet</em></span> <span class='ocrx_word' id='word_1_269' title='bbox 1221 3063 1378 3128; x_wconf 80' lang='lat' dir='ltr'><em>Haganonis</em></span> <span class='ocrx_word' id='word_1_270' title='bbox 1406 3065 1426 3110; x_wconf 93' lang='lat' dir='ltr'><em>et</em></span> <span class='ocrx_word' id='word_1_271' title='bbox 1466 3087 1467 3114; x_wconf 71' lang='grc'><em>1</em></span> 
     </span>
     <span class='ocr_line' id='line_1_32' title="bbox 323 3129 1425 3201; baseline 0.002 -21"><span class='ocrx_word' id='word_1_272' title='bbox 323 3129 477 3193; x_wconf 85' lang='lat' dir='ltr'><em>Giselberti,</em></span> <span class='ocrx_word' id='word_1_273' title='bbox 497 3131 629 3181; x_wconf 84' lang='lat' dir='ltr'><em>diversum</em></span> <span class='ocrx_word' id='word_1_274' title='bbox 648 3132 727 3198; x_wconf 88' lang='lat' dir='ltr'><em>plane</em></span> <span class='ocrx_word' id='word_1_275' title='bbox 746 3133 933 3194; x_wconf 83' lang='lat' dir='ltr'><em>narrationem,</em></span> <span class='ocrx_word' id='word_1_276' title='bbox 960 3149 992 3183; x_wconf 91' lang='lat' dir='ltr'><em>eo</em></span> <span class='ocrx_word' id='word_1_277' title='bbox 1011 3139 1101 3184; x_wconf 85' lang='lat' dir='ltr'><em>tumen</em></span> <span class='ocrx_word' id='word_1_278' title='bbox 1121 3137 1208 3184; x_wconf 86' lang='lat' dir='ltr'><em>animo</em></span> <span class='ocrx_word' id='word_1_279' title='bbox 1234 3137 1320 3201; x_wconf 89' lang='lat' dir='ltr'><em>iisque</em></span> <span class='ocrx_word' id='word_1_280' title='bbox 1345 3136 1425 3186; x_wconf 85' lang='lat' dir='ltr'><em>verbis</em></span> 
     </span>
     <span class='ocr_line' id='line_1_33' title="bbox 323 3204 1467 3280; baseline 0.002 -27"><span class='ocrx_word' id='word_1_281' title='bbox 323 3218 391 3268; x_wconf 88' lang='lat' dir='ltr'><em>quae</em></span> <span class='ocrx_word' id='word_1_282' title='bbox 411 3204 525 3254; x_wconf 87' lang='lat' dir='ltr'><em>Riohero</em></span> <span class='ocrx_word' id='word_1_283' title='bbox 546 3221 623 3270; x_wconf 87' lang='lat' dir='ltr'><em>quam</em></span> <span class='ocrx_word' id='word_1_284' title='bbox 644 3206 758 3255; x_wconf 83' lang='lat' dir='ltr'><em>maxime</em></span> <span class='ocrx_word' id='word_1_285' title='bbox 779 3207 945 3268; x_wconf 84' lang='lat' dir='ltr'><em>conveniant,</em></span> <span class='ocrx_word' id='word_1_286' title='bbox 965 3207 1072 3272; x_wconf 81' lang='lat' dir='ltr'><em>profert.</em></span> <span class='ocrx_word' id='word_1_287' title='bbox 1113 3207 1216 3258; x_wconf 85' lang='lat' dir='ltr'><em>Coniici</em></span> <span class='ocrx_word' id='word_1_288' title='bbox 1234 3209 1316 3273; x_wconf 79' lang='lat' dir='ltr'><em>igitur</em></span> <span class='ocrx_word' id='word_1_289' title='bbox 1335 3213 1425 3276; x_wconf 90' lang='lat' dir='ltr'><em>posset,</em></span> <span class='ocrx_word' id='word_1_290' title='bbox 1461 3218 1467 3280; x_wconf 50' lang='lat' dir='ltr'><em>&#39;r</em></span> 
     </span>
     <span class='ocr_line' id='line_1_34' title="bbox 322 3277 1425 3345; baseline 0.002 -18"><span class='ocrx_word' id='word_1_291' title='bbox 322 3291 382 3327; x_wconf 84' lang='lat' dir='ltr'><em>eum</em></span> <span class='ocrx_word' id='word_1_292' title='bbox 403 3277 456 3326; x_wconf 87' lang='lat' dir='ltr'><em>alia</em></span> <span class='ocrx_word' id='word_1_293' title='bbox 475 3279 563 3345; x_wconf 92' lang='lat' dir='ltr'><em>operis</em></span> <span class='ocrx_word' id='word_1_294' title='bbox 584 3279 700 3329; x_wconf 82' lang='lat' dir='ltr'><em>editione</em></span> <span class='ocrx_word' id='word_1_295' title='bbox 719 3295 795 3330; x_wconf 83' lang='lat' dir='ltr'><em>usum</em></span> <span class='ocrx_word' id='word_1_296' title='bbox 815 3279 910 3342; x_wconf 88' lang='lat' dir='ltr'><em>fuisse;</em></span> <span class='ocrx_word' id='word_1_297' title='bbox 931 3279 978 3329; x_wconf 91' lang='lat' dir='ltr'><em>sed</em></span> <span class='ocrx_word' id='word_1_298' title='bbox 998 3280 1100 3330; x_wconf 87' lang='grc'><strong>8811881</strong></span> <span class='ocrx_word' id='word_1_299' title='bbox 1114 3280 1223 3332; x_wconf 88' lang='lat' dir='ltr'><em>alterius</em></span> <span class='ocrx_word' id='word_1_300' title='bbox 1237 3281 1340 3333; x_wconf 85' lang='lat' dir='ltr'><em>codicis</em></span> <span class='ocrx_word' id='word_1_301' title='bbox 1352 3281 1425 3332; x_wconf 89' lang='lat' dir='ltr'><em>vesti·</em></span> 
     </span>
     <span class='ocr_line' id='line_1_35' title="bbox 322 3351 1426 3419; baseline 0 -19"><span class='ocrx_word' id='word_1_302' title='bbox 322 3351 395 3415; x_wconf 83' lang='lat' dir='ltr'><em>gium</em></span> <span class='ocrx_word' id='word_1_303' title='bbox 415 3356 496 3402; x_wconf 84' lang='lat' dir='ltr'><em>extat.</em></span> <span class='ocrx_word' id='word_1_304' title='bbox 536 3352 602 3402; x_wconf 86' lang='lat' dir='ltr'><em>Nam</em></span> <span class='ocrx_word' id='word_1_305' title='bbox 629 3351 750 3402; x_wconf 85' lang='lat' dir='ltr'><em>codicem</em></span> <span class='ocrx_word' id='word_1_306' title='bbox 769 3359 886 3402; x_wconf 88' lang='lat' dir='ltr'><em>nostrum</em></span> <span class='ocrx_word' id='word_1_307' title='bbox 906 3354 958 3402; x_wconf 86' lang='lat' dir='ltr'><em>ium</em></span> <span class='ocrx_word' id='word_1_308' title='bbox 979 3359 1041 3403; x_wconf 88' lang='lat' dir='ltr'><em>ante</em></span> <span class='ocrx_word' id='word_1_309' title='bbox 1062 3368 1157 3404; x_wconf 91' lang='lat' dir='ltr'><em>anuum</em></span> <span class='ocrx_word' id='word_1_310' title='bbox 1179 3355 1287 3419; x_wconf 88' lang='lat' dir='ltr'><em>quidem</em></span> <span class='ocrx_word' id='word_1_311' title='bbox 1309 3355 1387 3405; x_wconf 87' lang='lat'>1611.</span> <span class='ocrx_word' id='word_1_312' title='bbox 1404 3355 1426 3402; x_wconf 89' lang='lat' dir='ltr'><em>in</em></span> 
     </span>
     <span class='ocr_line' id='line_1_36' title="bbox 323 3423 1426 3492; baseline 0.002 -19"><span class='ocrx_word' id='word_1_313' title='bbox 323 3423 439 3474; x_wconf 86' lang='lat' dir='ltr'><em>ecelesia</em></span> <span class='ocrx_word' id='word_1_314' title='bbox 458 3425 662 3492; x_wconf 82' lang='lat' dir='ltr'><em>metropolitana</em></span> <span class='ocrx_word' id='word_1_315' title='bbox 676 3427 895 3490; x_wconf 82' lang='lat' dir='ltr'><em>Babenbergeusi</em></span> <span class='ocrx_word' id='word_1_316' title='bbox 914 3425 1092 3484; x_wconf 84' lang='lat' dir='ltr'><em>adservatum,</em></span> <span class='ocrx_word' id='word_1_317' title='bbox 1112 3427 1228 3478; x_wconf 89' lang='lat' dir='ltr'><em>saeculis</em></span> <span class='ocrx_word' id='word_1_318' title='bbox 1248 3429 1426 3485; x_wconf 84' lang='lat' dir='ltr'><em>anterioribus,</em></span> 
     </span>
     <span class='ocr_line' id='line_1_37' title="bbox 323 3497 1426 3564; baseline 0.001 -18"><span class='ocrx_word' id='word_1_319' title='bbox 323 3503 349 3548; x_wconf 89' lang='lat' dir='ltr'><em>et</em></span> <span class='ocrx_word' id='word_1_320' title='bbox 367 3497 480 3549; x_wconf 85' lang='lat' dir='ltr'><em>fortasse</em></span> <span class='ocrx_word' id='word_1_321' title='bbox 506 3504 567 3564; x_wconf 89' lang='lat' dir='ltr'><em>post</em></span> <span class='ocrx_word' id='word_1_322' title='bbox 592 3515 716 3564; x_wconf 85' lang='lat' dir='ltr'><em>magnam</em></span> <span class='ocrx_word' id='word_1_323' title='bbox 740 3499 814 3548; x_wconf 87' lang='lat' dir='ltr'><em>illam</em></span> <span class='ocrx_word' id='word_1_324' title='bbox 841 3500 994 3549; x_wconf 87' lang='lat' dir='ltr'><em>monasterii</em></span> <span class='ocrx_word' id='word_1_325' title='bbox 1014 3500 1040 3551; x_wconf 88' lang='lat' dir='ltr'><em>S.</em></span> <span class='ocrx_word' id='word_1_326' title='bbox 1060 3500 1202 3550; x_wconf 81' lang='lat' dir='ltr'><em>Michaelis</em></span> <span class='ocrx_word' id='word_1_327' title='bbox 1222 3501 1426 3552; x_wconf 85' lang='lat' dir='ltr'><em>devastationem</em></span> 
     </span>
     <span class='ocr_line' id='line_1_38' title="bbox 323 3571 1425 3638; baseline 0.003 -20"><span class='ocrx_word' id='word_1_328' title='bbox 323 3585 391 3634; x_wconf 84' lang='lat' dir='ltr'><em>quae</em></span> <span class='ocrx_word' id='word_1_329' title='bbox 411 3585 435 3620; x_wconf 86' lang='lat' dir='ltr'><em>a.</em></span> <span class='ocrx_word' id='word_1_330' title='bbox 458 3571 536 3622; x_wconf 85' lang='grc'><strong>1453.</strong></span> <span class='ocrx_word' id='word_1_331' title='bbox 567 3572 686 3636; x_wconf 82' lang='lat' dir='ltr'><em>contigit,</em></span> <span class='ocrx_word' id='word_1_332' title='bbox 715 3587 746 3622; x_wconf 90' lang='lat' dir='ltr'><em>eo</em></span> <span class='ocrx_word' id='word_1_333' title='bbox 771 3571 928 3621; x_wconf 82' lang='lat' dir='ltr'><em>translatum</em></span> <span class='ocrx_word' id='word_1_334' title='bbox 956 3587 1014 3622; x_wconf 89' lang='lat' dir='ltr'><em>esse</em></span> <span class='ocrx_word' id='word_1_335' title='bbox 1041 3577 1153 3638; x_wconf 87' lang='lat' dir='ltr'><em>oportet,</em></span> <span class='ocrx_word' id='word_1_336' title='bbox 1184 3589 1242 3624; x_wconf 89' lang='lat' dir='ltr'><em>cum</em></span> <span class='ocrx_word' id='word_1_337' title='bbox 1263 3575 1290 3623; x_wconf 93' lang='lat' dir='ltr'><em>in</em></span> <span class='ocrx_word' id='word_1_338' title='bbox 1310 3575 1425 3637; x_wconf 82' lang='lat' dir='ltr'><em>catalogo</em></span> 
     </span>
     <span class='ocr_line' id='line_1_39' title="bbox 323 3642 1426 3713; baseline 0.004 -22"><span class='ocrx_word' id='word_1_339' title='bbox 323 3642 502 3693; x_wconf 88' lang='lat' dir='ltr'><em>bibliothecae</em></span> <span class='ocrx_word' id='word_1_340' title='bbox 523 3645 741 3711; x_wconf 84' lang='lat' dir='ltr'><em>metropolitanae</em></span> <span class='ocrx_word' id='word_1_341' title='bbox 761 3645 904 3709; x_wconf 87' lang='lat' dir='ltr'><em>antiquiori</em></span> <span class='ocrx_word' id='word_1_342' title='bbox 924 3644 958 3692; x_wconf 87' lang='lat' dir='ltr'><em>ad</em></span> <span class='ocrx_word' id='word_1_343' title='bbox 978 3645 1115 3695; x_wconf 82' lang='lat' dir='ltr'><em>saeculum</em></span> <span class='ocrx_word' id='word_1_344' title='bbox 1134 3646 1198 3696; x_wconf 88' lang='lat' dir='ltr'>XII.</span> <span class='ocrx_word' id='word_1_345' title='bbox 1211 3646 1255 3696; x_wconf 86' lang='lat' dir='ltr'><em>vel</em></span> <span class='ocrx_word' id='word_1_346' title='bbox 1275 3647 1355 3698; x_wconf 91' lang='lat' dir='ltr'>XIII.</span> <span class='ocrx_word' id='word_1_347' title='bbox 1375 3661 1426 3713; x_wconf 86' lang='lat' dir='ltr'><em>per·</em></span> 
     </span>
     <span class='ocr_line' id='line_1_40' title="bbox 322 3715 1426 3784; baseline -0.001 -18"><span class='ocrx_word' id='word_1_348' title='bbox 322 3717 433 3777; x_wconf 87' lang='lat' dir='ltr'><em>tinente,</em></span> <span class='ocrx_word' id='word_1_349' title='bbox 463 3733 540 3782; x_wconf 91' lang='lat' dir='ltr'><em>quem</em></span> <span class='ocrx_word' id='word_1_350' title='bbox 562 3716 602 3767; x_wconf 82' lang='lat' dir='ltr'><em>CI.</em></span> <span class='ocrx_word' id='word_1_351' title='bbox 622 3717 707 3767; x_wconf 86' lang='lat' dir='ltr'><em>Iaeck</em></span> <span class='ocrx_word' id='word_1_352' title='bbox 731 3719 759 3767; x_wconf 94' lang='lat' dir='ltr'><em>in</em></span> <span class='ocrx_word' id='word_1_353' title='bbox 786 3717 884 3768; x_wconf 87' lang='lat' dir='ltr'><em>Okenii</em></span> <span class='ocrx_word' id='word_1_354' title='bbox 903 3717 977 3767; x_wconf 88' lang='lat' dir='ltr'><em>Iside</em></span> <span class='ocrx_word' id='word_1_355' title='bbox 997 3732 1021 3766; x_wconf 88' lang='lat' dir='ltr'><em>a.</em></span> <span class='ocrx_word' id='word_1_356' title='bbox 1046 3715 1128 3781; x_wconf 78' lang='lat'><em>1829,</em></span> <span class='ocrx_word' id='word_1_357' title='bbox 1157 3736 1183 3784; x_wconf 90' lang='lat' dir='ltr'><em>p.</em></span> <span class='ocrx_word' id='word_1_358' title='bbox 1206 3719 1285 3770; x_wconf 79' lang='lat'><strong>1237.</strong></span> <span class='ocrx_word' id='word_1_359' title='bbox 1307 3725 1333 3770; x_wconf 97' lang='grc'><em>81</em></span> <span class='ocrx_word' id='word_1_360' title='bbox 1356 3718 1426 3768; x_wconf 80' lang='lat'>1238.</span> 
     </span>
     <span class='ocr_line' id='line_1_41' title="bbox 323 3787 1426 3854; baseline 0.002 -17"><span class='ocrx_word' id='word_1_361' title='bbox 323 3787 468 3854; x_wconf 85' lang='lat' dir='ltr'><em>evulgavit,</em></span> <span class='ocrx_word' id='word_1_362' title='bbox 487 3788 561 3839; x_wconf 83' lang='lat' dir='ltr'><em>nulla</em></span> <span class='ocrx_word' id='word_1_363' title='bbox 580 3790 687 3840; x_wconf 83' lang='lat' dir='ltr'><em>Riolreri</em></span> <span class='ocrx_word' id='word_1_364' title='bbox 704 3791 802 3840; x_wconf 88' lang='lat' dir='ltr'><em>mentio</em></span> <span class='ocrx_word' id='word_1_365' title='bbox 821 3789 893 3838; x_wconf 86' lang='lat' dir='ltr'><em>facta</em></span> <span class='ocrx_word' id='word_1_366' title='bbox 913 3791 954 3840; x_wconf 92' lang='lat' dir='ltr'><em>sit.</em></span> <span class='ocrx_word' id='word_1_367' title='bbox 993 3790 1154 3842; x_wconf 88' lang='lat' dir='ltr'><em>Trithemius</em></span> <span class='ocrx_word' id='word_1_368' title='bbox 1175 3791 1296 3842; x_wconf 88' lang='lat' dir='ltr'><em>codicem</em></span> <span class='ocrx_word' id='word_1_369' title='bbox 1315 3801 1426 3844; x_wconf 89' lang='lat' dir='ltr'><em>nostrum</em></span> 
     </span>
     <span class='ocr_line' id='line_1_42' title="bbox 324 3862 1426 3930; baseline 0.001 -19"><span class='ocrx_word' id='word_1_370' title='bbox 324 3867 350 3911; x_wconf 92' lang='lat' dir='ltr'><em>et</em></span> <span class='ocrx_word' id='word_1_371' title='bbox 369 3862 560 3912; x_wconf 85' lang='lat' dir='ltr'><em>Ekkehardum</em></span> <span class='ocrx_word' id='word_1_372' title='bbox 586 3869 647 3912; x_wconf 90' lang='lat' dir='ltr'><em>ante</em></span> <span class='ocrx_word' id='word_1_373' title='bbox 674 3862 765 3914; x_wconf 89' lang='lat' dir='ltr'><em>oculos</em></span> <span class='ocrx_word' id='word_1_374' title='bbox 791 3862 898 3924; x_wconf 82' lang='lat' dir='ltr'><em>habuit3</em></span> <span class='ocrx_word' id='word_1_375' title='bbox 929 3878 979 3912; x_wconf 90' lang='lat' dir='ltr'><em>uec</em></span> <span class='ocrx_word' id='word_1_376' title='bbox 998 3879 1099 3926; x_wconf 88' lang='lat' dir='ltr'><em>vereor,</em></span> <span class='ocrx_word' id='word_1_377' title='bbox 1129 3880 1162 3915; x_wconf 92' lang='grc'><em>88</em></span> <span class='ocrx_word' id='word_1_378' title='bbox 1183 3867 1241 3930; x_wconf 89' lang='lat' dir='ltr'><em>quis</em></span> <span class='ocrx_word' id='word_1_379' title='bbox 1261 3866 1380 3916; x_wconf 84' lang='lat' dir='ltr'><em>fabulum</em></span> <span class='ocrx_word' id='word_1_380' title='bbox 1399 3865 1426 3913; x_wconf 88' lang='lat' dir='ltr'><em>de</em></span> 
     </span>
     <span class='ocr_line' id='line_1_43' title="bbox 323 3933 1426 4001; baseline 0.001 -17"><span class='ocrx_word' id='word_1_381' title='bbox 323 3933 446 3984; x_wconf 82' lang='lat' dir='ltr'><em>malefica</em></span> <span class='ocrx_word' id='word_1_382' title='bbox 465 3941 491 3985; x_wconf 91' lang='grc'><em>81</em></span> <span class='ocrx_word' id='word_1_383' title='bbox 510 3936 625 3986; x_wconf 85' lang='lat' dir='ltr'><em>Ranthei</em></span> <span class='ocrx_word' id='word_1_384' title='bbox 644 3951 720 4000; x_wconf 88' lang='lat' dir='ltr'><em>equa,</em></span> <span class='ocrx_word' id='word_1_385' title='bbox 745 3936 903 4000; x_wconf 82' lang='lat' dir='ltr'><em>Hugunouis</em></span> <span class='ocrx_word' id='word_1_386' title='bbox 923 3935 994 4001; x_wconf 86' lang='lat' dir='ltr'><em>apud</em></span> <span class='ocrx_word' id='word_1_387' title='bbox 1015 3951 1074 3986; x_wconf 92' lang='lat' dir='ltr'><em>eum</em></span> <span class='ocrx_word' id='word_1_388' title='bbox 1095 3938 1220 3988; x_wconf 84' lang='lat' dir='ltr'><em>historiae</em></span> <span class='ocrx_word' id='word_1_389' title='bbox 1239 3940 1376 3998; x_wconf 84' lang='lat' dir='ltr'><em>insertum,</em></span> <span class='ocrx_word' id='word_1_390' title='bbox 1400 3952 1426 3986; x_wconf 81' lang='lat' dir='ltr'><em>ex</em></span> 
     </span>
     <span class='ocr_line' id='line_1_44' title="bbox 323 4008 1426 4078; baseline 0 -19"><span class='ocrx_word' id='word_1_391' title='bbox 323 4009 438 4059; x_wconf 87' lang='lat' dir='ltr'><em>Richero</em></span> <span class='ocrx_word' id='word_1_392' title='bbox 463 4008 583 4059; x_wconf 83' lang='lat' dir='ltr'><em>haustam</em></span> <span class='ocrx_word' id='word_1_393' title='bbox 609 4009 690 4059; x_wconf 87' lang='lat' dir='ltr'><em>fuisse</em></span> <span class='ocrx_word' id='word_1_394' title='bbox 717 4010 847 4074; x_wconf 88' lang='lat' dir='ltr'><em>opinetur,</em></span> <span class='ocrx_word' id='word_1_395' title='bbox 877 4009 951 4058; x_wconf 88' lang='lat' dir='ltr'><em>cuius</em></span> <span class='ocrx_word' id='word_1_396' title='bbox 972 4010 1142 4060; x_wconf 83' lang='lat' dir='ltr'><em>ascribendi</em></span> <span class='ocrx_word' id='word_1_397' title='bbox 1167 4011 1269 4062; x_wconf 85' lang='lat' dir='ltr'><em>ratione</em></span> <span class='ocrx_word' id='word_1_398' title='bbox 1296 4028 1382 4078; x_wconf 84' lang='lat' dir='ltr'><em>aeque</em></span> <span class='ocrx_word' id='word_1_399' title='bbox 1400 4023 1426 4059; x_wconf 84' lang='lat' dir='ltr'><em>ao</em></span> 
     </span>
     <span class='ocr_line' id='line_1_45' title="bbox 323 4081 1425 4147; baseline 0.001 -17"><span class='ocrx_word' id='word_1_400' title='bbox 323 4084 420 4141; x_wconf 83' lang='grc'><strong>881188,</strong></span> <span class='ocrx_word' id='word_1_401' title='bbox 448 4081 678 4147; x_wconf 83' lang='lat' dir='ltr'><em>superstitionibus</em></span> <span class='ocrx_word' id='word_1_402' title='bbox 708 4082 814 4130; x_wconf 89' lang='lat' dir='ltr'><em>minime</em></span> <span class='ocrx_word' id='word_1_403' title='bbox 844 4081 967 4142; x_wconf 85' lang='lat' dir='ltr'><em>obnoxio,</em></span> <span class='ocrx_word' id='word_1_404' title='bbox 996 4083 1131 4134; x_wconf 85' lang='lat' dir='ltr'><em>abhorret.</em></span> <span class='ocrx_word' id='word_1_405' title='bbox 1175 4084 1252 4134; x_wconf 83' lang='lat' dir='ltr'><em>Talia</em></span> <span class='ocrx_word' id='word_1_406' title='bbox 1279 4084 1425 4136; x_wconf 73' lang='lat' dir='ltr'><em>Flodourdo</em></span> 
     </span>
     <span class='ocr_line' id='line_1_46' title="bbox 323 4154 1427 4224; baseline 0.001 -20"><span class='ocrx_word' id='word_1_407' title='bbox 323 4157 465 4204; x_wconf 87' lang='lat' dir='ltr'><em>convenire</em></span> <span class='ocrx_word' id='word_1_408' title='bbox 494 4159 610 4220; x_wconf 87' lang='lat' dir='ltr'><em>possent.</em></span> <span class='ocrx_word' id='word_1_409' title='bbox 648 4154 727 4218; x_wconf 84' lang='lat' dir='ltr'><em>Hugo</em></span> <span class='ocrx_word' id='word_1_410' title='bbox 757 4156 836 4204; x_wconf 85' lang='lat' dir='ltr'><em>etiam</em></span> <span class='ocrx_word' id='word_1_411' title='bbox 866 4154 1079 4207; x_wconf 84' lang='lat' dir='ltr'><em>Flaviuiuceusis</em></span> <span class='ocrx_word' id='word_1_412' title='bbox 1107 4157 1199 4208; x_wconf 87' lang='lat' dir='ltr'><em>Karoli</em></span> <span class='ocrx_word' id='word_1_413' title='bbox 1229 4160 1380 4224; x_wconf 87' lang='lat' dir='ltr'><em>captionem</em></span> <span class='ocrx_word' id='word_1_414' title='bbox 1406 4161 1427 4205; x_wconf 89' lang='lat' dir='ltr'><em>et</em></span> 
     </span>
     <span class='ocr_line' id='line_1_47' title="bbox 323 4227 1426 4299; baseline 0.001 -23"><span class='ocrx_word' id='word_1_415' title='bbox 323 4227 445 4277; x_wconf 83' lang='lat' dir='ltr'><em>Gerberti</em></span> <span class='ocrx_word' id='word_1_416' title='bbox 465 4228 669 4293; x_wconf 73' lang='lat' dir='ltr'><em>&lt;imputationem</em></span> <span class='ocrx_word' id='word_1_417' title='bbox 691 4243 750 4276; x_wconf 87' lang='lat' dir='ltr'><em>oum</em></span> <span class='ocrx_word' id='word_1_418' title='bbox 771 4227 880 4277; x_wconf 91' lang='lat' dir='ltr'><em>Othrico</em></span> <span class='ocrx_word' id='word_1_419' title='bbox 906 4233 952 4278; x_wconf 86' lang='lat' dir='ltr'><em>aut</em></span> <span class='ocrx_word' id='word_1_420' title='bbox 971 4244 986 4278; x_wconf 88' lang='lat' dir='ltr'><em>a</em></span> <span class='ocrx_word' id='word_1_421' title='bbox 1005 4235 1095 4280; x_wconf 90' lang='lat' dir='ltr'><em>nostro</em></span> <span class='ocrx_word' id='word_1_422' title='bbox 1115 4235 1161 4280; x_wconf 89' lang='lat' dir='ltr'><em>aut</em></span> <span class='ocrx_word' id='word_1_423' title='bbox 1179 4231 1212 4280; x_wconf 86' lang='lat' dir='ltr'><em>ub</em></span> <span class='ocrx_word' id='word_1_424' title='bbox 1232 4230 1285 4280; x_wconf 88' lang='lat' dir='ltr'><em>aiio</em></span> <span class='ocrx_word' id='word_1_425' title='bbox 1305 4233 1426 4299; x_wconf 87' lang='lat' dir='ltr'><em>scriptore</em></span> 
     </span>
     <span class='ocr_line' id='line_1_48' title="bbox 323 4300 1426 4369; baseline 0.002 -21"><span class='ocrx_word' id='word_1_426' title='bbox 323 4301 368 4364; x_wconf 92' lang='lat' dir='ltr'><em>qui</em></span> <span class='ocrx_word' id='word_1_427' title='bbox 386 4306 503 4350; x_wconf 89' lang='lat' dir='ltr'><em>nostrum</em></span> <span class='ocrx_word' id='word_1_428' title='bbox 524 4300 701 4364; x_wconf 78' lang='lat' dir='ltr'><em>exscripserat</em></span> <span class='ocrx_word' id='word_1_429' title='bbox 720 4301 833 4366; x_wconf 89' lang='lat' dir='ltr'><em>accepit,</em></span> <span class='ocrx_word' id='word_1_430' title='bbox 854 4301 901 4351; x_wconf 87' lang='lat' dir='ltr'><em>SS.</em></span> <span class='ocrx_word' id='word_1_431' title='bbox 922 4301 1000 4362; x_wconf 92' lang='lat' dir='ltr'><em>VIII,</em></span> <span class='ocrx_word' id='word_1_432' title='bbox 1019 4320 1045 4369; x_wconf 87' lang='lat' dir='ltr'><em>p.</em></span> <span class='ocrx_word' id='word_1_433' title='bbox 1057 4303 1118 4353; x_wconf 83' lang='lat'><strong>365.</strong></span> <span class='ocrx_word' id='word_1_434' title='bbox 1138 4303 1206 4367; x_wconf 74' lang='lat'><em>3673</em></span> <span class='ocrx_word' id='word_1_435' title='bbox 1227 4309 1335 4354; x_wconf 83' lang='lat' dir='ltr'><em>econtra</em></span> <span class='ocrx_word' id='word_1_436' title='bbox 1355 4306 1426 4368; x_wconf 79' lang='lat' dir='ltr'><em>Hugo</em></span> 
     </span>
     <span class='ocr_line' id='line_1_49' title="bbox 322 4372 1427 4442; baseline 0.002 -20"><span class='ocrx_word' id='word_1_437' title='bbox 322 4372 501 4423; x_wconf 84' lang='lat' dir='ltr'><em>Floriacensis</em></span> <span class='ocrx_word' id='word_1_438' title='bbox 521 4377 638 4422; x_wconf 89' lang='lat' dir='ltr'><em>nostrum</em></span> <span class='ocrx_word' id='word_1_439' title='bbox 657 4373 764 4423; x_wconf 90' lang='lat' dir='ltr'><em>minime</em></span> <span class='ocrx_word' id='word_1_440' title='bbox 784 4375 864 4436; x_wconf 85' lang='lat' dir='ltr'><em>novit,</em></span> <span class='ocrx_word' id='word_1_441' title='bbox 889 4379 915 4424; x_wconf 92' lang='lat' dir='ltr'><em>et</em></span> <span class='ocrx_word' id='word_1_442' title='bbox 935 4374 1018 4426; x_wconf 89' lang='lat' dir='ltr'><em>Gesta</em></span> <span class='ocrx_word' id='word_1_443' title='bbox 1037 4374 1191 4442; x_wconf 85' lang='lat' dir='ltr'><em>pontificum</em></span> <span class='ocrx_word' id='word_1_444' title='bbox 1211 4377 1384 4428; x_wconf 86' lang='lat' dir='ltr'><em>Remensium</em></span> <span class='ocrx_word' id='word_1_445' title='bbox 1400 4375 1427 4424; x_wconf 84' lang='lat' dir='ltr'><em>ab</em></span> 
     </span>
    </p>
   </div>
   <div class='ocr_carea' id='block_1_6' title="bbox 0 0 1478 5016">
    <p class='ocr_par' dir='ltr' id='par_1_10' title="bbox 0 0 1478 5016">
     <span class='ocr_line' id='line_1_50' title="bbox 0 0 1478 5016; baseline 0 0"><span class='ocrx_word' id='word_1_446' title='bbox 0 0 1478 5016; x_wconf 95' lang='lat' dir='ltr'><em> </em></span> 
     </span>
    </p>
   </div>
  </div>
 </body>
</html>
