2936 5010
301 363 451 414 RIOHERI
470 359 722 415 HISTORIARUM
741 363 852 414 LIBER
871 365 939 415 1111.
1126 365 1176 414 141

403 530 455 596 28.
497 527 658 594 Promotio
679 530 834 596 Arnulfir.

146 633 216 696 Rex
246 633 363 696 civium
390 634 579 696 sententiam
607 633 774 719 approbat,
803 644 838 698 ut
867 655 973 698 coram
1003 633 1178 698 deliberent
1187 651 1237 695 ssa

68 715 159 780 iubet.
202 717 353 780 Rationes
377 738 484 780 coram
507 717 680 802 dispositae
703 728 784 782 sunt.
817 718 988 781 Arnullirm
1009 719 1127 803 itaque,
1150 720 1177 782 si

69 800 150 884 quod
175 801 310 886 spondet
339 799 470 882 *faciat,
500 800 633 886 dignum
664 824 788 865 summo
821 800 997 866 sacerdotio
1024 811 1242 866 asseruntur.
1255 819 1301 860 45'¹

67 885 173 968 Itaque
199 895 333 949 vocatus
367 895 399 950 et
425 894 497 949 ante
525 907 634 970 regem
663 884 819 950 admissus
848 896 905 951 est.
955 886 1020 966 Qui
1046 886 1086 950 de
1115 885 1178 950 fide

68 967 207 1032 habenda
222 991 299 1054 erga
312 991 421 1054 regem
438 969 627 1051 sciscitatus,
642 969 684 1032 ad
699 971 840 1034 omnium
854 981 931 1035 vota
944 969 1176 1034 modestissime

66 1053 232 1136 respondit.
276 1052 330 1116 Ad
352 1053 540 1116 coenobium
563 1075 638 1138 ergo
660 1053 889 1119 monachorum
910 1054 1011 1118 sancti
1026 1053 1174 1136 Remigii,

67 1136 148 1219 quod
167 1136 208 1201 ab
230 1135 310 1200 urbe
330 1158 394 1200 uno
416 1135 550 1200 miliario
577 1138 672 1200 situm
702 1148 759 1218 est,
787 1139 843 1204 ubi
871 1138 1027 1202 ordinatio
1054 1138 1175 1222 episco-

66 1241 173 1303 porum
193 1243 236 1284 ex
258 1221 387 1306 antiquo
409 1219 558 1284 habenda
580 1231 636 1302 est,
659 1245 679 1285 a
700 1244 775 1306 rege
797 1233 829 1286 et
871 1222 1038 1287 rimatibus
1059 1220 1174 1286 deduc-

66 1313 114 1366 tus
133 1314 187 1369 est.
228 1304 294 1370 Ubi
315 1326 374 1367 rex
396 1326 468 1367 cum
491 1326 619 1368 suorum
633 1305 756 1369 medius
771 1307 834 1370 resi
857 1317 933 1388 eret,
955 1315 1030 1391 post
1043 1303 1176 1369 consilia

65 1387 147 1470 apud
171 1410 245 1452 suos
271 1388 422 1452 secessim
448 1386 567 1470 habita,
594 1387 718 1454 liberali
745 1389 870 1475 eloquio
897 1392 943 1454 sic
969 1390 1083 1454 affatus
1110 1398 1174 1454 est:

66 1471 173 1535 ‘Divae
194 1472 387 1536 memoriaeb
402 1471 577 1551 LudovicO,
598 1472 741 1536 Lotharii
762 1473 837 1552 filio,
860 1474 930 1538 orbi
952 1474 1122 1554 subtracto,
1145 1474 1173 1536 si

65 1553 162 1637 proles
184 1555 398 1641 superfuisset,
421 1570 491 1620 eam
514 1557 576 1621 sibi
591 1558 791 1640 successisse,
814 1558 946 1643 dignum
961 1557 1051 1621 foret.
1089 1557 1174 1636 Quia

64 1659 135 1702 vero
156 1641 262 1725 regiae
288 1643 485 1726 generationi
513 1643 671 1705 successio
701 1641 787 1704 nulla
815 1652 872 1724 cst,
899 1641 996 1728 idque
1025 1641 1173 1705 omnibus

64 1722 107 1785 ita
125 1722 189 1786 fore
210 1733 307 1808 patet,
328 1725 426 1788 vestri
448 1735 709 1812 caeterorumque
730 1727 922 1812 principum,
945 1747 1054 1790 eorum
1077 1727 1173 1790 etiam

64 1807 167 1889 quiin
187 1807 317 1871 militari
338 1808 448 1872 ordine
470 1811 609 1894 potiores
632 1820 722 1874 erant
743 1811 872 1895 optione
890 1831 997 1874 assum
1021 1820 1081 1893 tus,
1103 1831 1173 1895 pre-

64 1890 172 1956 mineo.
240 1892 333 1955 Nunc
368 1914 443 1956 vero
483 1895 634 1992 quoniam
666 1917 708 1958 ex
743 1893 827 1958 linea
862 1895 963 1980 regali
998 1833 1051 1958 lie
1088 1893 1173 1958 unde

65 1996 160 2040 senno
183 1986 230 2041 est
251 1975 335 2040 solus
358 1977 521 2062 superfiut,
548 2000 588 2042 ne
608 1980 689 2042 tanti
733 1979 809 2042 atris
831 2001 948 2044 nomen
970 1978 1074 2042 adhuc
1096 1976 1173 2042 obli-

63 2059 151 2123 vione
176 2060 323 2143 fuscetm,
352 2059 437 2124 hunc
465 2063 667 2146 superstitem
695 1999 829 2126 alicuius
860 2063 1024 2148 dignitatis
1053 2062 1172 2125 honore

64 2145 291 2228 expoposcistis
314 2144 434 2208 donari.
472 2145 507 2210 Si
528 2168 604 2230 ergo
626 2145 702 2209 fidei
717 2145 894 2210 servandae
908 2147 958 2210 ius
973 2143 1171 2230 polliceatur,

63 2227 146 2290 urbis
165 2229 331 2292 tuitionem
353 2227 518 2314 spondeat,
546 2229 690 2294 hostibus
713 2231 810 2293 etiam
831 2233 865 2294 in
885 2229 972 2293 nullo
996 2251 1064 2293 sese
1086 2249 1171 2291 com-

64 2313 300 2393 municaturum,
322 2313 419 2376 immo
435 2312 504 2376 illos
520 2314 747 2399 impetiturum,
763 2315 937 2398 promittat,
955 2314 1052 2376 vestri
1067 2311 1171 2375 iuditii

63 2414 188 2459 censura
210 2395 385 2460 concedere
407 2397 437 2460 ci
458 2398 679 2483 episcopatum
699 2419 764 2460 non
785 2399 921 2482 pigebit,
943 2397 988 2461 ita
1008 2408 1115 2461 tamen
1136 2407 1172 2462 ut

64 2481 230 2544 secundum
262 2479 467 2564 prudentium
500 2481 729 2546 ordinationem
762 2483 951 2546 sacramenti
983 2481 1170 2545 auctoritate

363 2566 369 2592 l

372 2611 379 2627 a

64 2563 137 2626 mihi
158 2586 299 2628 conexus
322 2566 362 2628 sit

366 2722 416 2786 29.
461 2721 671 2807 Cirographic
693 2722 857 2808 scriptum.

142 2842 193 2906 ‘Et
213 2852 250 2907 ut
270 2843 397 2928 penitus
411 2844 525 2907 mentis
541 2852 732 2928 conceptum
746 2845 899 2929 aperiam,
920 2851 993 2928 post
1007 2843 1171 2908 iurationis

9 3005 10 3008 Ἴ
65 2936 291 2991 sacramentum
313 2927 535 3012 cirographum
558 2924 660 2991 abeo
689 2927 892 2991 scribendum
920 2937 1015 3013 puto,
1048 2928 1082 2990 in
1108 2949 1170 3013 quo

65 3007 286 3074 maledictionis
315 3011 483 3075 anathema
504 3009 659 3075 habeatur
679 3010 871 3094 huiusmodi,
900 3011 986 3097 quod
1007 3012 1037 3076 ei
1057 3013 1172 3096 impre-

65 3101 144 3156 cetur
164 3116 222 3180 pro
244 3094 389 3160 felicibus
412 3093 649 3176 contumeliosa,
678 3117 736 3180 pro
767 3094 958 3159 salutaribus
987 3096 1171 3180 pernitiosa,

6 3207 8 3252 5
64 3193 115 3256 pro
135 3178 276 3243 honestis
304 3180 420 3263 turpia,
449 3199 508 3265 pro
534 3179 739 3244 diuturnitate
768 3188 934 3264 punctum,
963 3201 1022 3262 pro
1050 3179 1171 3242 honore

7 3263 8 3266 ’
64 3269 283 3348 contemptum,
313 3271 344 3326 et
373 3273 408 3326 ut
436 3272 537 3327 totum
570 3261 786 3344 concludatur,
815 3284 873 3347 pro
903 3261 1051 3326 omnibus
1077 3260 1171 3325 bonis

7 3405 8 3420 ,
65 3347 164 3410 onnia
183 3346 277 3411 mala.
321 3346 415 3427 Quod
437 3348 531 3410 etiam
556 3348 742 3432 bipertitum
770 3345 840 3410 fieri
867 3345 981 3432 placet.
1024 3343 1170 3409 Alterum

7 3429 10 3506 l
65 3427 143 3510 mihi,
175 3430 237 3494 sibi
268 3428 402 3495 alterum
435 3430 636 3495 concedatur.
685 3429 885 3516 Quandoque
913 3430 1009 3494 etiam
1037 3429 1098 3492 hoc
1124 3427 1170 3492 illi

8 3509 10 3549 l
65 3509 231 3579 calumnias
251 3516 382 3599 ingeret,
405 3517 432 3579 si
451 3517 586 3600 turpiter
606 3539 627 3578 a
647 3515 710 3580 fide
740 3513 894 3579 declinet’.
937 3513 1009 3576 Hac
1031 3513 1170 3598 promul-

7 3556 12 3656 l
104 3604 132 3658 ta
152 3599 315 3680 sententia,
344 3599 378 3663 id
398 3600 444 3663 ita
463 3598 645 3664 faciendum
671 3600 712 3665 ab
742 3599 889 3664 omnibus
918 3596 1083 3662 laudatum
1112 3607 1169 3663 est

8 3658 12 3685 ³
89 3681 204 3746 rocedit
234 3683 342 3768 itaque
373 3682 526 3746 Amulius
559 3703 675 3747 coram.
726 3682 762 3748 Si
788 3682 823 3746 id
855 3683 1020 3747 inventum
1051 3681 1168 3766 laudet,

66 3763 239 3830 consulitur.
271 3765 324 3829 An
339 3768 385 3830 sic
400 3768 555 3852 suscipiat
568 3767 655 3853 quod
669 3768 758 3853 petit,
774 3768 962 3832 sciscitatur.
998 3765 1056 3831 Ille
1071 3766 1169 3831 hono-

65 3843 104 3907 ris
124 3849 255 3934 cupidus
276 3851 439 3915 inventum
459 3849 577 3916 laudat.
615 3851 691 3916 Sese
714 3853 759 3915 sic
780 3873 874 3936 posse
896 3853 1067 3936 suscipere,
1083 3872 1168 3914 asse-

65 3940 154 3996 verat.
190 3934 300 3998 Iussus
322 3935 429 4020 itaque
451 3933 674 4020 cirographum
694 3935 881 4021 bipertitum
902 3935 1054 3999 notavit¹.
1086 3934 1169 4018 Regi

66 4007 198 4100 alterum,
219 4015 353 4083 alterum
373 4017 434 4082 sibi
456 4021 603 4084 servavit.

9 4243 12 4265 ,
119 4203 139 4256 a)
157 4206 189 4248 Ar
203 4209 259 4250 abac.
320 4207 343 4259 b)
359 4210 390 4251 D.
406 4210 436 4252 M.
453 4221 469 4250 c.
530 4209 551 4262 c)
569 4209 595 4252 ct
610 4209 667 4252 abac.

7 4365 13 4467 ,
134 4339 158 4403 1)
177 4339 253 4402 Quod
271 4359 297 4392 v.
318 4341 386 4392 infra
406 4358 431 4393 c.
451 4341 494 4392 60.
