2938 5016
282 454 316 506 38
555 453 707 505 RIOHERI
727 453 980 506 HISTORIARUM
999 454 1110 505 LIBER
1130 455 1152 504 Ι.

222 621 462 708 stringentibus
478 621 578 706 copiis
597 619 685 706 petit.
730 619 872 686 Clericus
893 620 972 685 nulli
993 621 1026 684 in
1047 621 1125 688 urbe
1140 621 1222 687 male
1236 619 1380 702 credulus,

281 707 403 772 lacinus
435 705 624 791 patrandum
656 705 690 768 in
721 703 790 769 loco
823 703 1055 791 opperiebatur.
1105 707 1177 788 Quo
1207 703 1380 772 Adelelmus

282 789 444 864 accedens,
467 789 507 856 ab
523 811 560 854 eo
576 811 648 854 cum
664 789 729 853 suis
746 799 899 876 exceptus
922 799 979 854 est.
1024 791 1221 876 Densatique
1235 793 1269 853 in
1282 811 1380 870 unum,

282 873 367 941 tubis
389 895 426 939 ac
448 872 586 938 clamore
607 883 640 937 at
663 895 703 938 ue
725 894 884 938 armorum
906 874 1039 959 strepitu
1065 875 1098 938 in
1126 876 1227 939 noctis
1256 873 1381 958 caligine

282 958 393 1024 urbem
417 957 596 1022 exturbant.
641 895 734 1022 ffinde
757 959 842 1022 cives
872 959 1011 1040 excitati,
1040 979 1113 1022 oum
1135 981 1204 1024 sese
1226 957 1299 1023 dolo
1342 979 1381 1020 er-

281 1065 375 1108 vasos
407 1041 627 1123 advertissent,
660 1041 737 1126 fuga
768 1042 809 1107 ab
841 1040 984 1106 hostibus
1017 1043 1116 1128 erepti
1149 1051 1230 1106 sunt.
1279 1040 1309 1106 N
1350 1063 1381 1104 us

282 1137 402 1214 captus,
432 1149 469 1192 eo
493 1125 577 1212 quod
599 1126 706 1190 hostes
727 1126 761 1188 in
781 1147 880 1190 unum
901 1127 1000 1190 iuncti
1028 1149 1086 1212 per
1111 1127 1224 1192 urbem
1250 1126 1299 1190 dis
1322 1125 1381 1208 orgi

281 1211 530 1276 formidaverint.
573 1209 668 1274 Unde
697 1219 728 1274 et
755 1207 901 1274 omnibus
930 1210 1111 1296 profugium
1140 1211 1251 1296 patuit
1297 1147 1381 1276 dives

281 1297 388 1382 itaque
410 1295 575 1376 abducti¹,
604 1317 624 1358 a
645 1294 760 1358 vicinis
782 1315 871 1358 arma
891 1315 930 1357 ac
949 1293 1086 1380 reliquas
1114 1295 1284 1381 suppecias
1312 1293 1382 1358 acci·

302 1379 371 1444 iunt
393 1389 424 1444 et
445 1379 497 1444 die
542 1379 630 1443 uinta
651 1379 868 1464 magnanimes
889 1379 923 1442 in
944 1377 1056 1443 urbem
1076 1377 1227 1444 leantur.
1273 1377 1382 1444 Subur·

279 1402 354 1529 lieni
376 1463 472 1528 etiam
493 1400 626 1528 feliciter
647 1461 846 1528 subveniunt.
890 1461 1036 1548 Pugnam
1059 1484 1134 1548 ergo
1151 1462 1380 1549 promptissime

280 1547 441 1614 adhibent.
490 1545 675 1612 Adelelmus
704 1568 780 1611 vero
809 1545 1006 1633 clericusque
1039 1567 1112 1610 cum
1140 1547 1206 1612 suis
1238 1547 1381 1612 acerrime

279 1633 466 1696 renituntur.
509 1632 554 1696 At
573 1629 697 1716 vulgus,
721 1631 777 1716 qui
798 1631 832 1694 in
852 1629 931 1696 urbe
946 1639 1142 1695 remanserat
1163 1631 1273 1717 eisque
1294 1630 1380 1694 fidem

281 1725 479 1780 sacramento
501 1717 628 1795 lecerat,
655 1714 752 1780 fidem
774 1713 937 1800 abrumpit
962 1736 999 1779 ac
1021 1738 1041 1779 a
1061 1724 1150 1800 tergo
1173 1715 1314 1780 duritor⁸
1335 1734 1380 1778 eos
1454 1755 1455 1796 ,

282 1798 375 1864 cedit.
418 1799 509 1864 Facti
544 1808 650 1864 autem
687 1797 824 1863 hostium
856 1798 961 1880 medii,
997 1800 1030 1863 in
1062 1797 1248 1864 aecclesiam
1280 1798 1381 1884 fugero
1454 1805 1455 1842 f

282 1883 384 1947 coacti
406 1892 487 1952 sunt.
530 1882 654 1948 Urbani
667 1903 744 1947 vero
759 1880 800 1946 ab
815 1881 1016 1947 interioribus
1038 1884 1167 1969 recepti,
1189 1882 1381 1948 Adelelmum

281 1989 320 2032 ac
342 1965 493 2031 clericum
521 1968 669 2053 persequi
694 1988 759 2031 non
781 1965 982 2032 desistebant.
1025 1967 1192 2054 Portisque
1219 1967 1381 2032 aecclesiae
1454 2021 1455 2024 ,

282 2053 428 2131 concisis,
457 2050 564 2115 hostes
586 2061 741 2137 appetunt
762 2072 799 2116 ac
822 2071 911 2115 secus
933 2050 1031 2116 altare
1055 2061 1204 2138 utrosque
1226 2073 1298 2116 cum
1323 2048 1381 2137 plu·
1454 2081 1455 2086 κ

281 2133 370 2200 ribus
392 2133 461 2199 aliis
483 2133 652 2200 crudeliter
679 2134 926 2200 trucidaverunt.
970 2134 1154 2222 Urbemque
1183 2135 1381 2236 possidentes,

282 2242 340 2284 sua
361 2241 518 2306 recepere.
562 2218 688 2300 Quibus
717 2219 858 2305 patratis,
886 2241 923 2282 ac
944 2218 1039 2304 legali
1066 2241 1215 2306 repurgio
1238 2218 1382 2286 aecclesia

282 2301 461 2386 emundata,
477 2301 660 2368 Walbcrtus
676 2301 881 2368 Corbeiensis
896 2303 1069 2368 monachus
1085 2315 1116 2369 et
1130 2303 1241 2386 abbas,
1262 2303 1302 2368 ab
1316 2321 1381 2386 rege

281 2387 425 2471 donatus,
454 2410 512 2473 per
539 2386 816 2474 metropolitanum
844 2385 1013 2452 Artoldum
1034 2387 1294 2454 Noviomensium
1320 2407 1382 2450 oon-

282 2482 423 2537 seeratur
444 2473 626 2558 episcopus.

282 2609 333 2673 64.
374 2607 585 2694 Aquitaniaeb
607 2617 702 2695 atque
725 2609 921 2675 Vaseoniael
943 2611 1124 2696 principesb
1145 2613 1214 2697 regi
1236 2609 1382 2676 Roduls0⁰
1453 2597 1454 2604 ἵ

636 2691 822 2756 militaturib
845 2696 1044 2759 occurruntl.

221 2815 272 2857 aaa
365 2794 492 2858 Interea
513 2791 691 2858 Gothorum
711 2796 871 2894 principes
885 2796 1144 2882 Ragemmundus
1159 2807 1190 2861 et
1204 2798 1382 2883 Ermingau-

284 2878 342 2942 dus
364 2899 460 2964 super
481 2877 622 2963 Ligerim
644 2877 776 2944 fluvrum
797 2881 865 2966 regi
888 2878 1071 2946 obvenienti
1092 2881 1262 2946 militatum
1284 2901 1382 2946 occur-

283 2971 356 3026 runt
377 2963 507 3047 eiusque
529 2962 675 3028 manibus
697 2985 770 3027 suas
792 2965 934 3029 inserunt
943 2977 964 3029 ².
1008 2965 1155 3030 Militiam
1177 2967 1331 3052 spondent
1350 2983 1382 3026 ae
1452 2999 1453 3016 .

283 3045 357 3110 inde
371 3045 476 3126 fidem,
499 3055 593 3130 prout
613 3069 671 3110 rex
691 3047 788 3130 iubet,
811 3048 999 3117 concedunt.
1042 3050 1112 3114 Rex
1133 3051 1206 3114 inde
1222 3051 1382 3136 digressus,

282 3132 317 3194 in
338 3129 530 3216 Aquitaniae
559 3133 717 3195 exteriora
749 3153 783 3196 se
815 3131 956 3197 contulit.
1001 3133 1072 3214 Quo
1101 3135 1196 3199 etiam
1223 3145 1255 3200 et
1282 3136 1328 3199 Lu
1350 3153 1382 3195 us

283 3214 451 3279 Acinarius
473 3214 587 3295 Vasco,
611 3216 665 3302 qui
687 3237 806 3301 equum
827 3215 987 3281 ferebatur
1007 3216 1123 3282 habere
1145 3241 1300 3283 annorum
1319 3157 1382 3304 plus

284 3319 379 3386 quam
409 3299 468 3364 100
497 3308 529 3363 et
554 3299 658 3363 adhuc
687 3309 752 3364 toto
781 3321 913 3386 corpore
940 3300 1179 3385 validissimum,
1212 3305 1281 3389 regi
1311 3298 1382 3366 mili·

282 3393 403 3448 taturus
430 3384 579 3464 occurrit,
613 3405 650 3448 ac
677 3384 884 3470 provinciae‘l
911 3387 1132 3470 procuratione
1161 3387 1301 3470 reddita,
1329 3403 1381 3450 rex

282 3466 452 3534 liberaliter
472 3466 610 3532 reddidit
631 3477 725 3552 atque
747 3491 766 3532 a
789 3490 822 3532 se
844 3468 1015 3554 principari
1038 3473 1202 3536 concessit.

512 3607 562 3669 65.
607 3605 727 3668 Turma
747 3604 924 3672 malorum⁰
947 3619 979 3673 et
999 3609 1154 3696 prodigia.

222 3731 273 3774 aar.
366 3704 437 3768 Hac
459 3727 585 3851 quoque
608 3715 815 3791 tempestate³
843 3709 955 3794 igneae
976 3711 1084 3775 Remis
1111 3713 1144 3776 in
1173 3712 1262 3779 caelo
1290 3704 1382 3777 aciesf

282 3789 369 3852 visae
391 3797 442 3852 ets
486 3811 609 3853 ammae
632 3792 823 3876 sanguineae
845 3795 937 3878 quasi
958 3794 1063 3859 iacula
1077 3806 1131 3860 aut
1146 3808 1306 3882 serpentes
1326 3793 1379 3856 dis-

283 3892 416 3972 currere.
459 3874 538 3937 Mox
561 3896 686 3960 quoque
709 3876 826 3941 subiitll
850 3887 880 3941 et
901 3879 1016 3963 pestis,
1046 3879 1173 3980 papulis
1201 3876 1380 3968 erysipilatis

282 3978 463 4021 mnumeros
485 3980 629 4022 enecans.
672 3959 740 4024 Neo
762 3959 859 4025 multo
882 3973 954 4047 post
976 3972 1007 4027 et
1027 3985 1112 4049 regrs
1134 3963 1298 4030 defectus4
1317 3958 1380 4052 sub·
1450 3979 1451 4048 ᾗ

341 4137 598 4190 a)durlssimeurgotl.
643 4140 666 4193 b)
682 4141 830 4195 Aquitaniae,
839 4155 958 4196 oo,pe,m,
969 4156 995 4184 oc
1011 4145 1066 4188 abac.
1114 4144 1170 4198 0)ΙίΔ
1186 4157 1204 4186 o.
1250 4144 1273 4196 d)
1290 4141 1348 4193 regul
1363 4140 1379 4178 l·

282 4194 305 4249 e)
320 4197 395 4238 lorum
411 4200 466 4240 abac.
527 4199 670 4252 oportodd.
732 4201 754 4254 g)
770 4207 793 4243 et
809 4215 830 4251 q.
848 4203 864 4243 i.
880 4213 900 4243 a.
917 4215 935 4245 s.
951 4204 973 4244 fl.
991 4215 1009 4248 s,
1025 4207 1046 4246 1.
1106 4203 1129 4256 h)
1147 4205 1268 4245 subsecuta
1284 4207 1316 4245 est
1331 4202 1350 4240 t.

358 4347 385 4413 1)
405 4347 453 4399 loci
471 4349 564 4401 milites
584 4349 646 4401 urbe
664 4350 786 4417 propulsi
804 4351 882 4404 Flod.
958 4353 986 4420 2)
1006 4355 1047 4404 Ex
1066 4355 1144 4406 Flod.
1165 4356 1226 4408 ⁰32.
1299 4349 1326 4418 3)
1344 4349 1379 4399 ΕΚ
1448 4341 1450 4410 l

283 4419 361 4472 Flod.
381 4421 447 4484 9343
467 4423 536 4473 Hist.
557 4424 632 4474 Rom.
653 4425 699 4488 IV,
720 4425 763 4476 25.
838 4426 868 4492 4)
888 4427 957 4478 Hist.
978 4429 1053 4480 Rem.
1074 4430 1120 4492 IV,
1141 4430 1184 4480 26.
1449 4431 1450 4446 .
