2938 5016
282 387 436 440 RICHERI
456 387 709 441 HISTORIARUM
728 388 840 440 LIBER
859 389 895 440 lI.
1126 390 1159 438 73

55 556 269 642 episcoporum
291 556 470 620 cautionem
492 555 704 643 subscriptam
722 555 820 642 Hugo
841 555 984 638 vidisset,
1006 563 1110 620 motus
1125 559 1217 620 inas

54 641 140 722 iram,
172 639 335 721 Rotberto,
368 641 423 738 qui
456 639 567 704 sinodo
599 649 739 725 preerat,
773 639 999 705 contumeliose
1028 641 1158 723 remisit,

55 726 270 811 episcoporum
296 723 415 787 iudicio
444 723 522 788 nihil
551 746 620 788 sese
648 723 807 788 facturum
840 747 992 788 asserens.
1044 725 1086 788 Et
1113 726 1159 788 sic

54 830 142 873 causa
164 809 290 895 penitus
312 807 500 890 indiscussa,
522 807 653 872 sinodus
676 807 778 873 soluta
800 817 856 872 est.
907 807 1063 874 Indicitur
1083 831 1158 874 vero

54 895 162 957 terciaa
184 891 315 956 sinodus
337 889 410 954 Kal.
432 890 533 976 Aug.¹
557 891 713 956 habenda.

129 996 199 1060 *68.
233 994 295 1056 His
322 994 368 1058 ita
388 993 497 1078 gestis,
530 992 683 1058 Artoldus
711 992 878 1080 epistolam
900 993 942 1058 ad
964 994 1072 1058 sedern
1098 994 1206 1068 Roas.
1223 1016 1275 1060 sos.

54 1099 173 1142 menam
202 1077 325 1162 dirigit,
361 1077 618 1142 commodissime
647 1080 861 1142 continentem
894 1089 925 1143 et
954 1100 1083 1142 suarum
1112 1079 1158 1141 in-

53 1161 197 1226 iuriarum
219 1163 334 1226 seriem
356 1170 387 1226 et
413 1162 498 1248 regis
519 1162 793 1226 incommodorum
816 1172 967 1230 tenorem.
1011 1163 1158 1236 Domnus

53 1246 151 1332 itaque
183 1244 344 1332 Agapitus
381 1267 467 1332 papa
504 1247 545 1310 ad
577 1245 710 1309 multam
738 1245 984 1312 benivolentiam
1017 1247 1159 1309 animum

54 1329 220 1412 intendens,
248 1352 324 1393 mox
352 1331 486 1395 accersit
512 1329 725 1394 venerabilem
749 1329 948 1394 Ostiensem²
971 1331 1159 1417 episcopum

53 1413 218 1496 Marinum,
263 1435 398 1498 magnae
435 1414 603 1499 aequitatis
640 1422 671 1478 et
705 1414 893 1498 prudentiae
929 1415 1047 1493 virum,
1092 1414 1159 1476 vim

54 1497 197 1583 epistolae
220 1499 250 1562 ei
272 1496 435 1584 explicans
458 1507 489 1562 et
510 1497 552 1562 ad
573 1519 680 1561 rerum
699 1499 927 1563 correctionem
941 1497 1051 1562 illumi
1067 1496 1159 1562 vehe-

54 1583 240 1646 mentissime
255 1581 396 1646 hortans.
428 1581 565 1646 Mittitur
579 1603 656 1665 ergo
671 1580 862 1646 venerabilis
876 1581 1029 1665 Marinus,
1051 1581 1160 1646 domni

54 1687 148 1751 papae
179 1667 330 1748 vicarius,
362 1665 404 1729 ad
433 1665 584 1731 Ottonem
611 1688 730 1748 reem,
763 1667 803 1730 ob
836 1665 1033 1730 evocandam
1064 1675 1097 1730 at
1120 1689 1159 1730 ue

54 1751 305 1849 congregandam
320 1749 554 1814 universalemc
570 1688 728 1814 sinodum.
756 1750 949 1836 Diriguntur
963 1760 994 1815 et
1008 1774 1025 1815 e
1050 1687 1159 1814 istdlae

54 1833 225 1918 specialiter
247 1833 386 1919 aliquotb
409 1835 570 1920 episcopis
599 1844 665 1898 tarn
688 1833 880 1899 Germaniae
906 1857 1003 1920 quam
1026 1773 1159 1916 iialliae,

54 1917 214 1983 adrerum
236 1919 429 2003 aequitatem
451 1918 621 1982 suasoriae.

180 2057 231 2121 69.
264 2057 347 2121 Item
369 2055 520 2120 sinodus‘i
542 2057 627 2142 apud
649 2054 864 2140 liugleheimtl
885 2057 1025 2122 habital.

126 2159 254 2224 Interea
283 2167 398 2223 statuto
424 2167 568 2244 tempore
594 2157 724 2222 sinodus
746 2158 935 2223 universalis
959 2157 1092 2224 collecta
1113 2167 1249 2222 estuat.

55 2263 89 2304 ex
114 2253 267 2330 precepto
296 2241 431 2328 Agapiti
459 2263 573 2328 puae,
603 2243 662 2306 sub
691 2242 817 2305 Marino
847 2246 915 2306 eius
943 2245 1065 2306 vicario
1075 2254 1097 2323 θ,
1127 2243 1160 2303 in

55 2324 162 2410 palatio
193 2325 394 2412 Angleheim,
428 2348 490 2412 quo
523 2338 535 2373 ³
566 2327 792 2412 interpretatur
824 2324 1009 2410 angelorum
1036 2324 1159 2406 domus,

54 2431 135 2475 secus
156 2411 292 2476 fluvium
313 2410 471 2493 Rhenum,
492 2412 526 2474 in
547 2407 681 2474 basilica
701 2408 788 2474 beati
809 2409 948 2494 Remigii
962 2410 1159 2474 Francorum

54 2495 189 2579 apostoli.
221 2496 350 2560 Domno
373 2496 480 2581 itaque
501 2495 626 2558 Marino
648 2493 838 2580 presidente,
861 2495 1006 2580 episcopi
1022 2515 1158 2580 quoque,

72 2580 101 2640 ui
121 2603 162 2644 ex
184 2579 319 2645 diversis
341 2578 569 2662 confluxerant,
591 2581 659 2643 iure
681 2576 916 2643 aecclesiastico
940 2577 1158 2660 consederunt,

55 2599 234 2730 9liutbertus
275 2662 423 2728 videlicet
459 2663 649 2728 Trevericus
691 2660 970 2748 metropolitanus,
1007 2660 1223 2726 Artoldusuos
1236 2678 1281 2720 κ’.

54 2743 210 2812 Remcnsis
232 2747 504 2833 metropolitanus,
534 2746 722 2812 Fredericus
750 2747 957 2831 Maguntinus
979 2745 1159 2832 metropoli-

54 2837 145 2913 tanus,
183 2831 360 2898 Wicfridus
388 2829 586 2896 Coloniensis
622 2830 896 2915 metropolitanus,
932 2828 1158 2894 Adaldacchus

54 2911 246 2980 Hammabur
270 2917 354 2978 ensis
376 2923 484 3000 episco
508 2937 555 2997 us,
578 2913 790 2979 Hildeboldus
811 2913 1159 3000 Mimegardvurdensis

55 2999 225 3085 episcopus,
247 2938 420 3063 &audinus
436 2999 464 3062 T
499 2998 595 3063 lensis
611 3000 791 3085 episcopus,
814 2998 975 3064 Adalbero
994 2999 1159 3063 Mettensis

55 3083 230 3170 eiscopus,
266 3083 480 3168 Berengan'us
516 3082 727 3147 Virdunensis
763 3084 952 3169 episcopus,
989 3082 1159 3148 Fulbertus

78 3169 287 3232 ameracensis
320 3168 507 3266 episcopus,
539 3165 695 3231 Rodulfus
723 3167 945 3232 Laudunensis
978 3168 1158 3265 episcopus,

54 3245 164 3316 Richoo
187 3251 427 3350 Warmacensrs
457 3272 638 3350 episcopus,
668 3249 876 3350 lteimboldus
905 3250 1065 3334 Spirensrs
1094 3273 1159 3334 epr-

54 3351 170 3420 sccpus,
198 3336 314 3421 Boppo
340 3335 599 3420 Wrrzburgensrs
627 3355 805 3421 episcopus,
837 3332 1047 3399 Chounradus
1077 3332 1159 3396 Ocn-

55 3421 226 3484 stantiensis
266 3415 673 3566 ffiscopus,00dclricus
718 3418 929 3504 Augustensis
980 3418 1158 3502 episcopus,

54 3496 245 3568 'lhethardus
300 3501 640 3568 ildinesheimensisfe
665 3505 803 3589 iscopus,
825 3498 1159 3566 BemardusAlfirree-

55 3585 200 3652 stadensis
222 3588 403 3674 episcopus,
428 3585 523 3651 Dudo
545 3525 841 3652 Poderltrunnensis
863 3586 1044 3673 episcopus,
1064 3583 1159 3670 Liop·

55 3675 134 3735 lacus
155 3670 351 3736 Ribunensis
373 3672 554 3758 episcopus,
582 3669 742 3736 Michahel
764 3670 1015 3756 Radisponensis
1038 3670 1159 3756 episco-

54 3771 115 3836 pus,
133 3756 327 3821 Farabertus
337 3755 534 3841 Tungrensis
550 3756 729 3840 episcopus,
750 3754 868 3818 Doddo
881 3753 1029 3818 Osnebru
1076 3754 1159 3819 ensis

55 3839 225 3926 episcopus,
246 3838 416 3905 Euhems⁴
437 3837 614 3904 Mindensis
641 3840 820 3924 episcopus,
846 3837 1013 3903 Baldricus
1065 3839 1159 3903 reiec-

105 4000 127 4054 ι)
142 4003 250 4043 habende
265 4014 322 4046 corr.
338 4006 353 4043 t.
369 4013 388 4042 ι.
448 4001 472 4054 b)
485 4007 536 4052 poet
551 4002 601 4042 aad.
659 3999 681 4051 c)
698 4003 829 4050 generalem
848 4006 867 4044 1.
928 3999 952 4050 d)
969 4000 1033 4050 edus,
1050 4001 1095 4051 glo,
1110 4000 1159 4039 bite

54 4054 102 4098 Μ.
159 4060 181 4113 c)
198 4063 349 4112 heptacosii·
367 4063 386 4105 l.
446 4061 684 4114 oiiildtnesbennds
699 4072 755 4101 corr.
773 4061 902 4102 -bcimsin

121 4156 148 4222 1)
174 4159 255 4208 Hunc
274 4157 346 4208 diem
362 4158 448 4208 minus
467 4162 540 4208 recte
560 4151 694 4208 Richems'
710 4155 846 4208 indicasse
865 4152 979 4218 videtur,
1004 4168 1064 4203 cum
1081 4167 1158 4217 syno-

56 4223 109 4278 dum
128 4229 154 4280 d.
173 4232 286 4283 7.1unii
305 4230 424 4282 habitan
441 4245 499 4282 esse
520 4235 631 4281 constet.
701 4228 730 4294 2)
750 4229 973 4280 polimarciensis.
1042 4225 1160 4292 3)Haec

55 4297 182 4368 Richerus,
202 4306 249 4370 qui
263 4302 445 4356 Flodoardum
465 4305 593 4370 sequitur,
612 4318 699 4370 neque
712 4304 782 4354 Acta
794 4302 850 4352 LL.
865 4301 903 4360 11,
922 4317 948 4368 p.
962 4299 1007 4350 24.
1024 4304 1050 4350 et
1060 4300 1159 4350 rectius

56 4370 120 4425 lion.
138 4383 204 4444 patr.
225 4378 307 4429 chart.
326 4377 365 4441 II,
384 4393 410 4444 p.
430 4377 474 4428 to.
495 4377 568 4428 edita
587 4377 693 4429 novisse
712 4375 826 4427 videtur.
884 4371 1024 4440 ⁴)1iaeris
1043 4371 1121 4424 Flod.
