2936 5010
331 395 382 446 rro
443 358 446 366 ’
583 393 735 446 arcuum
754 393 1006 446 ursuoamauu
1028 393 1139 446 mana
1157 394 1210 446 111.

600 559 649 625 82.
694 559 824 626 Oratio·
846 559 955 625 ducis¹
976 559 1065 647 apud
1086 583 1170 626 suos.

268 689 318 730 m.
412 662 543 747 Quibus.
559 684 664 726 coram
687 663 733 726 sic
754 685 843 728 orsus
866 664 965 748 cepit:
988 663 1070 728 ‘Non
1084 674 1191 750 preter
1204 663 1342 728 fructum
1355 663 1425 728 utilis

328 758 360 814 et
380 747 504 814 honesti
526 746 693 812 consilium
714 769 734 810 a
755 747 856 812 doctis
878 747 1047 833 expetitur.
1092 748 1216 829 Quibus
1239 747 1314 812 solis
1336 759 1366 812 et
1384 748 1425 811 de·

328 843 435 899 center
455 831 626 912 acceditur,
648 840 680 894 et
700 831 741 894 ab
763 831 830 895 eisb
852 829 1017 896 fluctuanti
1038 833 1084 896 rei
1111 831 1236 896 consilii
1261 834 1341 897 ratio
1367 853 1425 917 ape-

327 921 415 982 ritur.
458 917 543 982 Vosc
565 916 597 979 in
620 914 813 980 consulendo
835 914 972 979 arbitror
993 915 1153 998 idoneos*,
1176 938 1251 980 cnm
1273 916 1314 981 ab
1334 917 1424 979 animo

327 1024 392 1066 non
414 1001 567 1082 discedat,
595 1007 712 1086 quanta
733 999 850 1064 virtute
872 1009 904 1064 et
928 1000 1057 1084 ingenio
1085 1001 1185 1065 vestri
1213 1021 1425 1086 saepenumero

328 1085 517 1152 adversariis
553 1083 768 1169 prenituerim.
828 1081 996 1170 (lumque‘1
1027 1105 1085 1148 vos
1117 1083 1196 1147 milri
1228 1084 1373 1148 manibus
1402 1093 1426 1146 et

328 1177 525 1236 sacramento
555 1166 713 1248 addictos,
741 1166 836 1230 fidem
858 1189 986 1254 quoque
1018 1166 1234 1233 inviolabilem
1263 1177 1426 1233 servaturos

214 1264 250 1322 'n
266 1257 430 1318 ⁸²⁶·*non0
464 1251 637 1332 dubiteme,
670 1249 886 1315 indubitanter
918 1273 938 1314 a
969 1250 1116 1317 fidelibus
1150 1251 1318 1316 consilium
1353 1262 1424 1338 peto.

328 1337 471 1420 Quodsi
493 1335 571 1399 mihi
602 1333 796 1415 conceditur,
825 1357 882 1398 vos
904 1335 1000 1400 etiam
1021 1336 1263 1422 participabitis.
1315 1335 1349 1400 Si
1374 1357 1426 1399 non

327 1421 516 1506 suggeritur,
531 1419 611 1483 forte
626 1441 690 1483 non
705 1417 807 1482 aberit
821 1417 1034 1504 dispendium,
1051 1421 1103 1483 cui
1117 1419 1283 1484 indecores
1298 1441 1426 1484 succum-

326 1507 418 1572 batis.
462 1504 549 1590 Ergo
595 1503 648 1566 uia
669 1524 727 1588 pro
750 1503 817 1567 vita
838 1503 952 1587 agitur,
983 1501 1148 1568 consilium
1170 1504 1246 1568 utile
1269 1503 1427 1568 liberaliter

327 1589 515 1676 expromite.
589 1609 630 1652 on
659 1587 743 1652 enirn
764 1607 822 1650 vos
845 1585 928 1668 latet,
957 1598 1076 1674 quanta
1097 1586 1270 1653 subtilitate
1292 1587 1354 1651 doli
1378 1587 1427 1650 Lo-

326 1673 447 1738 tharius
475 1695 533 1736 rex
560 1672 722 1735 incautum
748 1693 799 1734 me
826 1669 978 1753 fefellerit,
1005 1693 1077 1736 cum
1105 1673 1225 1758 absque
1254 1694 1306 1737 me
1329 1671 1427 1738 Ottoni

326 1754 523 1820 reconciliari
543 1753 678 1818 voluerit
691 1754 873 1842 feceritque.
905 1755 967 1820 Oui
981 1779 1001 1819 a
1012 1755 1022 1798 l
1034 1767 1138 1822 mente
1153 1757 1280 1842 penitus
1295 1757 1426 1834 excessit,

326 1862 423 1926 quam
443 1837 567 1904 liberali
587 1839 693 1902 animo
716 1847 868 1924 quantum
889 1838 1066 1926 periculum
1082 1862 1252 1926 aggressus
1275 1842 1343 1922 sim,
1367 1861 1426 1904 cum

326 1945 385 2011 per
405 1945 456 1987 me
477 1921 601 1986 hostem
622 1944 724 2008 nuper
745 1921 911 2008 fugaverit,
935 1921 1097 2008 Belgicam
1120 1946 1246 2011 quoque
1261 1926 1320 1988 ins'
1367 1925 1426 1988 ibus
1458 1949 1459 1972 r

326 2005 457 2072 sublatis
489 2004 657 2071 hostilibus
690 2005 910 2071 subarraverit.
969 2006 1057 2088 Quid
1090 2029 1166 2092 ergo
1206 2009 1276 2094 spei
1340 2011 1426 2074 terius
1458 1997 1459 2052 l

326 2101 503 2178 expectem,
531 2112 603 2154 cum
626 2087 698 2154 dolo
720 2089 816 2153 fidem
837 2089 1033 2178 abruperit’?

407 2211 457 2280 83.
500 2209 699 2276 Declamatio
708 2221 730 2293 Β,
754 2223 840 2296 quat
862 2213 912 2275 usi
934 2220 1006 2276 sunt
1026 2211 1112 2298 apud
1134 2211 1270 2278 dueemr
1291 2215 1348 2277 sui.

411 2321 464 2385 Ad
496 2319 575 2386 haec
629 2321 792 2385 rimatesl:
825 2320 907 2384 ‘Non
939 2320 1041 2386 solum
1070 2321 1234 2406 novimus’,
1267 2321 1425 2422 inquinati,

327 2406 485 2492 ‘quantist
502 2406 589 2491 peric
624 2406 651 2468 is
661 2404 827 2469 nobiscum
837 2427 895 2490 pro
910 2403 1059 2470 Lethario
1074 2427 1148 2491 rege
1165 2416 1262 2492 caput
1277 2406 1425 2484 obieceris,

326 2511 439 2554 verum
462 2510 597 2574 quoque,
621 2497 739 2574 quanto
762 2487 945 2554 discrimine
968 2488 1123 2554 claritudo
1138 2499 1193 2554 tua
1208 2490 1312 2555 adhuc
1326 2501 1425 2576 patens

328 2574 377 2654 sit,
400 2573 437 2653 si,
458 2581 494 2636 ut
514 2571 599 2636 fama
621 2582 676 2654 est,
700 2571 762 2636 duo
784 2594 875 2657 reges
891 2583 1001 2638 contra
1015 2583 1045 2639 te
1061 2575 1320 2660 conspiraverint.
1354 2575 1425 2638 Nam

328 2656 355 2720 si
376 2665 485 2719 contra
507 2653 654 2720 alterum¹
677 2657 852 2720 exercitum
874 2678 932 2742 pro
952 2656 1133 2740 defensione
1153 2657 1305 2742 moliaris,
1327 2659 1425 2722 ambos

327 2748 438 2803 contra
459 2748 489 2804 te
512 2761 588 2802 mox
609 2749 691 2804 stare
712 2741 865 2804 invenies.
902 2739 938 2805 Si
960 2751 1069 2806 contra
1090 2742 1202 2807 ambos
1224 2745 1311 2806 nisus
1331 2741 1425 2821 fueris,

327 2823 464 2909 plurima
484 2822 687 2888 incommoda
707 2824 866 2888 incurrere
894 2845 1023 2891 necesse
1045 2836 1101 2907 est,
1130 2827 1307 2912 equitatum
1327 2823 1425 2890 intole-

326 2905 469 2989 rabilem,
491 2905 622 2970 insidias
643 2906 842 2993 multiplices,
865 2908 1009 2974 incendia
1023 2920 1118 2995 atque
1132 2911 1270 2996 rapinas,
1293 2920 1333 2992 et,
1351 2907 1425 2996 quod

325 2991 501 3076 pessimum
524 2999 579 3071 est,
605 2991 741 3055 nefarios
765 2991 856 3055 infidi
877 2991 965 3077 vulgi
986 3015 1137 3076 rumores,
1165 2997 1220 3080 qui
1241 3017 1307 3059 non
1328 3002 1426 3058 contra
1457 3009 1458 3020 ¹

325 3073 523 3139 adversarios
544 3096 602 3139 nos
631 3098 780 3140 exercere
803 3075 1018 3142 defensionem
1039 3077 1196 3164 loquetur,
1224 3088 1256 3142 at
1283 3080 1317 3143 in
1337 3074 1425 3142 rebel-

325 3157 409 3222 lione
435 3168 544 3223 contra
570 3182 677 3244 regem
704 3161 887 3226 temerarios
916 3171 1011 3247 atque
1039 3163 1184 3250 periuros
1210 3171 1294 3228 stare
1320 3161 1424 3228 celum-

327 3241 472 3308 niabitur.
510 3243 564 3308 Sic
587 3245 708 3308 etiamm
731 3243 772 3307 ad
794 3265 1011 3331 quoscumque
1026 3246 1178 3310 accedere
1193 3268 1288 3332 posse
1302 3245 1423 3311 mencie·

325 3336 386 3411 tur,
408 3337 444 3391 ut
465 3328 532 3392 sine
547 3325 671 3410 delicto,
687 3329 754 3392 sine
768 3328 898 3413 periurii
918 3329 1027 3394 sacrile
1051 3331 1082 3393 io
1103 3352 1123 3393 a
1137 3329 1274 3395 dominis
1288 3329 1426 3395 recedant

326 3420 357 3475 et
379 3421 487 3476 contra
508 3410 577 3475 illos
599 3421 784 3497 arroganter
811 3413 950 3477 cervices
978 3423 1042 3478 atto
1065 3425 1128 3480 ant.
1172 3414 1278 3479 Huius
1303 3409 1424 3502 periculi

325 3504 503 3560 extremum
518 3504 550 3559 et
564 3495 638 3560 utile
654 3495 820 3559 consilium
834 3495 927 3562 nobis
942 3497 1075 3580 videtur,
1096 3507 1140 3579 ut,
1159 3519 1232 3562 eum
1247 3499 1311 3563 duo
1327 3505 1424 3562 contra

325 3599 383 3641 nos
412 3580 570 3642 coniuncti
599 3581 676 3660 sint,
708 3578 799 3643 alteri
829 3579 962 3645 alterum
995 3580 1227 3646 subtrahamus.
1282 3580 1371 3664 Quod
1401 3578 1423 3640 si

325 3659 414 3724 alteri
435 3660 514 3725 alter
531 3661 673 3726 subtrahi
686 3665 806 3748 nequit,
829 3662 940 3730 saltem
955 3666 988 3728 in
1002 3667 1202 3730 amiciciamn
1216 3667 1310 3732 nobis
1326 3683 1423 3730 eorum

323 3741 456 3808 alterum
478 3743 703 3830 devinciamus,
725 3757 760 3812 ut
780 3745 858 3812 alter
879 3746 972 3813 nobis
994 3749 1140 3814 addictus
1161 3750 1251 3814 alteri
1270 3752 1351 3815 vires
1366 3767 1423 3809 non

396 3922 421 3991 ⁸)
441 3941 506 3991 qnos
526 3930 553 3976 et
571 3927 706 3990 ingenium
728 3930 864 3993 cogitandi
883 3935 910 3980 et
929 3932 997 3982 ratio
1019 3930 1128 3981 dicendi
1153 3931 1273 3982 reddidit
1298 3932 1422 3982 clariores.

441 3999 513 4061 Quos
523 4015 575 4050 non
587 3999 677 4050 dubito
691 4000 724 4050 de
738 4005 851 4068 pernitie
861 4004 988 4056 bonorum
1000 4005 1098 4068 dolere,
1113 4005 1208 4069 quibus
1222 4008 1324 4072 ingenti
1336 4005 1422 4055 virtute

440 4074 604 4140 propositum
623 4074 658 4124 sit
676 4075 803 4141 improbis
823 4076 974 4144 displicere.
1014 4079 1049 4130 Et
1069 4079 1132 4129 add.
1153 4079 1176 4128 1.

381 4196 404 4250 ι)
421 4199 448 4252 0,
470 4201 484 4240 d
503 4201 560 4242 obse.
649 4199 672 4252 b)
694 4203 716 4242 el
738 4215 795 4243 corr.
818 4204 860 4246 ets.
951 4203 971 4256 c)
988 4207 1013 4248 V.
1036 4216 1090 4255 ergo
1108 4207 1127 4246 1.
1219 4205 1242 4259 d)
1259 4209 1303 4248 Vos
1319 4206 1382 4247 etism
1404 4203 1422 4242 1.

322 4255 345 4310 e)
358 4262 408 4308 poet
423 4260 473 4301 add.
541 4259 604 4312 oab
620 4262 697 4302 animo
713 4264 732 4304 1.
795 4261 817 4314 g)
834 4263 862 4316 D,
878 4275 915 4316 qu,
932 4265 946 4304 d
962 4265 1018 4304 abac.
1084 4264 1108 4317 h)
1125 4265 1174 4304 Hac
1190 4266 1351 4315 conquestione
1364 4261 1422 4311 prin-

322 4317 385 4365 cipes
400 4321 506 4370 suscepta
523 4321 543 4361 1.
604 4318 621 4372 l)
637 4322 673 4360 vir
687 4321 782 4362 illustris
798 4323 848 4365 add.
866 4324 885 4365 1.
945 4321 970 4374 ir)
987 4327 1073 4372 quanto
1088 4325 1191 4374 periculo
1209 4328 1229 4364 1.
1288 4322 1304 4376 l)
1320 4330 1385 4363 unum
1402 4321 1422 4357 l.

321 4372 353 4426 m)
371 4385 462 4427 quoque
478 4378 506 4418 ad
522 4389 708 4429 unumquemque
724 4383 744 4423 1.
806 4380 830 4436 n)
845 4393 865 4423 a.
883 4386 983 4423 nostram
1001 4383 1020 4422 1.
