2936 5010
321 409 372 460 1⁶2
555 408 707 460 RICHERI
726 405 976 460 HISTORIARUM
994 405 1106 458 LIBER
1124 405 1193 458 1111.

259 593 309 636 ⁹⁹1.
321 575 488 641 comitibus
511 573 655 640 lucorum
684 573 858 656 anfractus,
887 595 952 638 non
978 573 1105 639 defuere
1137 572 1297 639 infortunii
1323 595 1420 638 casus.

241 652 402 725 Mmllam
423 659 602 724 fallentibus
624 658 729 740 biviis,
756 681 813 723 sex
833 657 999 744 leugarum
1028 680 1066 722 su
1089 657 1246 724 erfluitate
1272 657 1419 722 exorbitas

319 745 433 810 vimus.
469 743 670 808 Transmisso
691 763 766 807 vero
788 741 959 806 Teodorici
979 679 1118 823 castello,
1140 743 1332 827 parvaredus
1353 753 1420 808 ante

319 827 406 892 visus
428 825 623 914 bucephalus
645 825 714 892 fieri
744 827 851 912 coepit
872 824 968 891 asello
989 825 1213 890 tardiusculus.
1252 827 1320 891 Iam
1340 825 1420 890 sola

319 911 532 976 mesembrino
554 910 751 990 discesserat,
772 919 903 996 totoque
924 931 997 975 aere
1018 911 1052 974 in
1096 910 1197 976 luvias
1212 909 1371 991 dissoluto,
1392 911 1420 972 in

320 1016 468 1060 occasum
489 994 650 1080 vergebat,
679 1017 752 1060 cum
773 994 862 1058 fortis
884 992 936 1058 ille
957 993 1055 1060 bucef
1082 1017 1118 1058 us
1145 1017 1293 1080 supremo
1319 993 1420 1059 labore

318 1080 430 1163 vintus,
452 1081 534 1144 inter
554 1078 675 1144 femora
695 1077 860 1142 insidentis
881 1079 974 1177 pueri
995 1079 1144 1143 deficiens
1160 1080 1286 1161 corruit,
1301 1089 1332 1143 et
1344 1077 1421 1144 velut

318 1162 441 1248 fulgure
463 1165 621 1244 traiectus,
644 1171 753 1228 sexto⁸
775 1161 909 1227 miliano
931 1160 973 1225 ab
987 1162 1066 1227 urbe
1081 1165 1265 1249 exspiravit
1302 1163 1421 1244 Quanta
1455 1221 1456 1250 ,

318 1257 395 1312 turm
417 1247 477 1312 fuit
497 1245 704 1334 perturbatio,
727 1256 845 1333 quanta
859 1246 1014 1326 anxietas,
1037 1245 1081 1310 illi
1102 1246 1300 1332 perpendere
1314 1245 1420 1326 valent,
1455 1265 1456 1312 Τ

319 1333 373 1430 qui
401 1353 493 1396 casus
522 1329 639 1396 similes
668 1329 839 1416 aliquando
866 1331 1010 1416 perpessi
1036 1341 1117 1412 sunt,
1146 1340 1178 1396 et
1204 1354 1246 1396 ex
1273 1329 1421 1395 similibus
1455 1379 1456 1404 ,

319 1414 435 1480 srmilia
457 1414 616 1500 colligant.
652 1416 736 1480 Puer
756 1415 942 1500 inexpertus
964 1415 1043 1479 tanti
1065 1416 1185 1480 itineris
1199 1414 1420 1494 difficultatem,
1455 1423 1456 1464 l

318 1497 420 1564 fessus
441 1508 507 1564 toto
530 1520 662 1584 corpore
685 1521 766 1585 equo
789 1501 905 1564 amisso
931 1498 1064 1563 iacebat.
1107 1499 1156 1562 Im
1181 1499 1342 1565 adimente
1362 1499 1421 1562 sine

318 1593 445 1648 vectore
467 1582 607 1648 aderant.
651 1583 773 1648 Imbres
803 1583 900 1646 nimia
929 1583 1085 1648 infusione
1110 1522 1253 1651 rudiunt.
1298 1582 1420 1648 Caelum

318 1666 428 1732 nubila
449 1666 664 1753 pretendebat.
709 1667 764 1732 Sol
784 1669 849 1731 iam
869 1668 903 1731 in
924 1687 1040 1738 occasu
1065 1666 1247 1732 minabatur
1273 1665 1420 1733 tenebras.

318 1751 405 1816 Inter
436 1749 514 1816 haec
546 1753 652 1816 omnia
688 1750 846 1816 dubitanti
882 1750 1049 1816 consilium
1078 1775 1098 1816 a
1126 1751 1196 1814 Deo
1230 1773 1295 1815 non
1322 1750 1419 1816 defuit
1456 1749 1457 1802 l

317 1833 456 1898 Puerum
478 1857 615 1922 namque
638 1857 709 1898 cum
730 1835 964 1922 impedimentis
985 1833 1032 1898 ibi
1052 1835 1180 1921 reliqui3
1203 1835 1384 1922 dictatoque
1397 1835 1420 1897 ei
1456 1905 1457 1914 ἶ

319 1917 395 2003 quid
420 1919 630 2004 interrogatus
653 1941 673 1982 a
693 1919 928 1984 transeuntibus
957 1918 1163 2004 responderet
1196 1929 1227 1983 et
1261 1930 1298 1984 ut
1319 1939 1419 1984 somno
1456 1919 1457 1980 ξ

317 2001 494 2066 imminenti
514 2003 681 2084 resisteret,
703 2001 769 2066 solo
791 2003 896 2101 equite
912 2003 1083 2068 Carnotino
1099 2004 1277 2086 comitatus,
1299 2002 1419 2068 Meldim

340 2087 456 2152 arveni.
499 2086 633 2152 Pontem
656 2107 781 2172 quoquo
802 2109 859 2150 vix
881 2087 920 2152 de
942 2087 1012 2152 luce
1034 2087 1155 2168 videns,
1178 2087 1349 2171 ingredior.
1385 2085 1421 2148 Et

316 2107 393 2234 dum
416 2169 597 2256 diligentius
620 2169 858 2256 contemplarer,
884 2173 974 2236 novis
996 2173 1109 2236 iterum
1131 2170 1312 2236 infortuniis
1335 2193 1419 2255 ange-

316 2251 384 2318 bar.
428 2255 538 2320 Tantis
571 2255 655 2319 enirn
689 2263 720 2320 et
750 2264 796 2320 tot
828 2253 966 2319 hiatibus
995 2254 1132 2342 patebat,
1162 2267 1198 2319 ut
1225 2257 1282 2319 vix
1310 2256 1419 2320 civium
1457 2269 1458 2332 ζ

315 2339 486 2404 necessarii
508 2338 559 2403 die
581 2339 692 2404 eadem
713 2361 772 2425 per
786 2361 858 2403 eum
873 2339 1063 2404 transierint.
1097 2338 1287 2404 Camotinus
1303 2340 1419 2426 inpiger
1457 2347 1458 2350 ’

317 2433 348 2487 et
369 2424 408 2522 in·
423 2422 606 2510 peragendo
627 2425 738 2487 itinere
761 2423 837 2488 satis
855 2423 1016 2507 providus,
1039 2422 1217 2488 naviculam
1233 2424 1351 2487 circum
1374 2444 1419 2484 ua-

316 2599 347 2653 et
368 2600 403 2654 ut
424 2593 497 2676 equi
518 2591 691 2655 incolumes
713 2591 998 2656 transmitterentur
1020 2615 1037 2656 e
1059 2591 1145 2656 caelo
1167 2593 1310 2656 emeruit.
1346 2590 1418 2654 Nam

315 2674 349 2736 in
370 2673 448 2738 locis
469 2673 628 2738 hiantibus
658 2697 812 2820 equorum
840 2675 975 2760 pedibus
996 2674 1167 2761 aliquando
1194 2674 1334 2774 clipeum
1355 2673 1418 2738 suh-

316 2755 404 2838 dens,
426 2755 595 2843 aliquando
616 2756 693 2822 tabu
705 2779 740 2822 as
762 2758 901 2824 abiectas
916 2759 1101 2844 adiungens,
1123 2761 1218 2824 modo
1234 2767 1418 2837 mcurvatus,

316 2841 410 2906 modo
440 2851 572 2923 erectus,
600 2840 695 2906 modo
724 2842 893 2924 accedens,
923 2843 1017 2908 modo
1046 2865 1229 2926 recurrens,
1257 2843 1418 2908 efficaciter

316 2947 391 2988 cum
413 2926 503 3010 equis
525 2948 575 2990 me
598 2927 767 2990 comitante
778 2928 979 3074 pertransiit.
1020 2927 1094 2992 Nox
1115 2927 1317 2992 inhorruerat
1337 2946 1417 2990 mun-

318 2528 378 2592 que
400 2529 561 2594 mqurrens
584 2517 616 2572 et
636 2505 754 2571 nullam
775 2507 949 2588 inveniens,
971 2507 1012 2571 ad
1034 2509 1139 2593 pontis
1160 2507 1306 2592 pericula
1326 2530 1359 2572 re
1383 2507 1418 2586 ''t,

316 3008 456 3095 dumque
478 3017 557 3074 tetra
579 3009 712 3096 caligine
735 3010 775 3075 ob
800 3021 921 3093 uxerat,
945 3033 1017 3075 cum
1037 3010 1202 3077 basilicam
1225 3013 1327 3077 sancti
1347 3009 1416 3075 Pha-

315 3094 401 3157 ronis
416 3094 531 3175 introii,
542 3093 692 3158 fratribus
707 3093 812 3159 adhuc
827 3096 1014 3180 parantibus
1029 3105 1141 3181 potum
1157 3097 1297 3160 caritatis
1307 3109 1328 3160 ¹.
1354 3093 1416 3174 Qua

314 3176 366 3242 die
387 3175 601 3264 sollempniter
622 3187 817 3264 pranserant,
844 3181 974 3244 recitato
1004 3179 1165 3265 capitulob
1194 3180 1233 3244 de
1262 3177 1416 3244 cellarario

313 3263 506 3345 monasterii,
529 3261 612 3349 quod
635 3263 695 3327 fuit
716 3284 812 3327 causa
832 3271 897 3327 tam
920 3286 1008 3328 serae
1033 3264 1213 3349 potationis.
1257 3263 1288 3326 A
1311 3261 1416 3350 quibus

313 3354 348 3410 ut
368 3346 465 3412 frater
487 3355 650 3432 exceptus,
678 3345 825 3411 dulcibus
847 3345 994 3432 alloquiis
1024 3347 1166 3434 cibisque
1195 3345 1416 3411 sufficientibus

312 3441 471 3496 recreatus
494 3453 572 3496 sum.
618 3428 826 3495 Camotinum
848 3431 987 3517 equitem
1014 3455 1087 3496 cum
1116 3432 1205 3518 equis
1227 3434 1326 3495 vitata
1347 3450 1415 3515 pon-

312 3514 373 3578 tisc
412 3514 552 3600 pericula
588 3515 703 3579 iterum
734 3524 831 3580 attem
856 3524 994 3579 taturum
1033 3537 1131 3602 puero
1162 3514 1273 3579 relicto
1305 3512 1415 3578 remisi.

312 3595 390 3662 Arte
411 3600 567 3683 premissa
588 3599 778 3683 pertransiit.
814 3537 858 3664 Ept
879 3599 921 3662 ad
943 3622 1079 3686 puerum
1101 3599 1241 3664 secunda
1261 3600 1365 3662 noctis
1376 3595 1415 3658 vi-

312 3678 388 3764 gilla
410 3680 606 3746 errabundus
628 3683 781 3767 pervenit.
825 3684 890 3748 Vix
913 3706 953 3749 ue
975 3706 1048 3748 eum
1070 3685 1195 3769 saepius
1217 3682 1414 3748 inclamatum

311 3764 461 3850 repperit.
505 3765 577 3846 Quo
599 3777 762 3852 assumpto
785 3789 858 3831 cum
880 3705 921 3832 ab
943 3768 1055 3832 urbem
1083 3768 1271 3850 devenisset,
1297 3783 1413 3851 suspec-

312 3859 362 3913 tus
383 3848 488 3933 pontis
517 3847 667 3935 pericula,
698 3873 778 3936 quae
806 3852 979 3937 pernitiosa
1009 3852 1227 3939 experimento
1256 3850 1413 3926 didicerat,

312 3953 385 3996 cum
407 3954 505 4018 puero
528 3941 559 3997 et
580 3935 669 4018 equis
691 3935 724 3998 in
740 3936 905 4000 cuiusdam
919 3937 1080 4022 tugurium
1096 3933 1275 4000 declinavit.
1307 3935 1413 4019 Ibique

310 4037 368 4101 per
389 4027 488 4081 totam
510 4016 594 4082 diem
616 4017 756 4102 incibati,
777 4029 869 4084 nocte
890 4018 944 4084 illa
966 4021 1008 4085 ad
1029 4019 1268 4106 quiescendum,
1293 4041 1356 4084 non
1375 4012 1412 4079 ad

311 4099 490 4165 cenandum
518 4099 640 4166 collecti
662 4112 743 4167 sunt.
787 4104 892 4184 Quam
920 4114 1047 4169 noctem
1068 4114 1104 4169 ut
1124 4105 1302 4168 insomnem
1322 4103 1411 4167 duxe-

310 4183 370 4246 rim
398 4193 429 4248 et
453 4195 570 4270 quanto
585 4186 618 4249 in
633 4208 671 4250 ea
686 4188 827 4253 cruciatu
840 4190 965 4252 tortusd
981 4189 1050 4272 sim,
1066 4187 1263 4276 perpendere
1277 4191 1409 4272 possunt,

369 4308 391 4361 a)
408 4313 475 4352 tertio
493 4315 513 4352 1.
573 4311 596 4364 b)
615 4315 665 4364 cap.
681 4324 699 4355 c.
759 4312 780 4366 c)
797 4315 828 4354 tto
843 4315 945 4364 scriptum
965 4321 1019 4356 crat.
1059 4314 1082 4369 d)
1099 4319 1195 4358 vexatus
1209 4327 1314 4365 mpcrser.
1337 4315 1407 4353 tortus

385 4401 412 4468 1)
432 4404 508 4466 Quod
536 4408 564 4456 in
599 4407 687 4458 media
716 4409 920 4478 quadragesima
950 4412 992 4463 die
1022 4412 1108 4477 Iovis,
1136 4414 1215 4467 Mart.
1246 4409 1294 4473 18,
1322 4409 1408 4466 fuisse,

310 4480 402 4526 conset
421 4476 598 4542 Poinscgnon.
