2938 5016
283 462 353 516 VIII
523 460 677 512 RICHERI
696 458 946 511 HISTORIARUM
964 457 1068 510 LIBRI
1085 459 1154 512 IIII.

175 629 480 711 ‘otu—vertendum,
504 630 591 713 quod
606 651 672 693 non
688 629 781 694 semel
802 631 837 692 *a
852 627 1039 693 blodoardo
1062 628 1223 709 recedens,
1245 630 1282 692 in
1305 626 1396 692 bello·

285 737 360 780 rum
381 715 598 800 descriptione
619 722 677 777 aut
694 725 915 799 permapnos1
939 722 997 776 aut
1017 709 1116 777 multo
1138 714 1279 798 majores
1301 735 1397 798 quam

285 797 471 864 Flodoardo
494 806 567 862 teste
589 799 759 861 novimus¹
783 805 1011 882 pupnatorum
1041 805 1101 860 aut
1129 799 1308 860 occisorum
1337 818 1396 859 nu·

285 905 388 949 maros
412 879 525 1031 ἥβη,
556 882 643 967 quod
666 879 773 946 Gallis
802 883 974 946 uictoriam
995 882 1211 945 immeritam⁸
1240 879 1397 959 attribuit,

284 970 380 1033 immo
453 966 636 1030 odoardum
668 965 819 1029 undecim
851 964 956 1028 millia
988 973 1143 1028 trecentos
1171 964 1398 1050 quadraginta

286 1054 428 1140 quinque
455 1052 492 1113 in
517 1059 616 1135 parte
638 1049 792 1130 Rotberti,
820 1049 857 1112 in
881 1058 981 1133 parte
1003 1048 1122 1112 Karoli
1150 1057 1267 1133 septem
1291 1046 1396 1112 millia

286 1145 410 1201 centum
430 1143 459 1198 et
481 1133 709 1218 duodeoipinti
730 1155 842 1198 caesos
864 1133 1035 1218 scripsisse
1058 1134 1174 1214 dicit⁴,
1204 1132 1261 1196 ubi
1281 1128 1397 1195 blodo·

286 1221 365 1284 ordi
386 1220 510 1284 codices
525 1227 554 1282 et
569 1219 726 1281 editiones
743 1227 871 1282 omnes⁵
894 1219 1030 1281 nonnisi
1051 1216 1130 1281 baec
1151 1217 1270 1280 uerba:
1291 1213 1397 1279 multis

286 1325 328 1368 sx
349 1312 483 1403 utraque
502 1309 593 1386 parte
608 1300 795 1366 cadentibus
816 1301 936 1387 lepunt.
983 1299 1079 1374 Quod
1093 1309 1129 1364 ut
1143 1301 1274 1363 ueritati
1290 1309 1398 1384 aperte

287 1395 490 1452 contrarium
505 1408 562 1449 nec
577 1385 647 1450 ulla
661 1387 870 1450 encusatione
893 1385 1115 1466 obvelandum,
1138 1386 1186 1448 ita
1207 1384 1272 1448 lece
1293 1393 1398 1448 tamen

286 1474 402 1536 uitium
422 1470 594 1550 uidebitur,
617 1471 648 1533 si
670 1467 773 1534 alium
794 1469 898 1534 locum
919 1470 1091 1548 intuearis,
1114 1490 1226 1553 quase
1244 1470 1281 1532 in
1303 1465 1398 1532 licen-

287 1558 366 1619 tiam
380 1557 451 1619 viro
467 1556 621 1635 candido,
644 1553 771 1639 qualem
790 1554 1004 1618 historiarum
1019 1556 1208 1637 scriptorem
1222 1573 1289 1616 esse
1305 1552 1398 1632 decet,

282 1640 385 1724 plane
407 1639 592 1723 indipnom,
616 1640 770 1722 partium
797 1638 905 1701 studio
927 1647 956 1702 et
976 1639 1121 1702 vanitate
1144 1637 1256 1720 abripi
1271 1657 1399 1720 passus
1460 1695 1461 1704 ,

288 1731 342 1789 cst.
386 1721 475 1785 Nam
497 1744 569 1786 cum
592 1743 609 1784 o
636 1723 684 1785 eri
707 1720 868 1802 adfinem
883 1731 1041 1806 perducto
1063 1719 1241 1785 secundam
1266 1741 1399 1782 manum
1460 1723 1461 1748 ¹

289 1805 479 1887 admoueret,
507 1827 578 1868 eam
611 1805 676 1868 ibri
697 1806 806 1889 primi
859 1814 969 1886 artem,
1000 1827 1083 1892 quae
1105 1804 1261 1870 derebus
1283 1803 1400 1867 Karoli
1459 1827 1461 1862 s

288 1912 360 1954 cnm
381 1888 442 1952 Bel
466 1891 495 1951 is
521 1898 550 1953 et
579 1889 659 1952 duce
685 1910 795 1953 earum
849 1887 994 1954 iselberto
1028 1891 1108 1974 opit,
1141 1891 1190 1953 ita
1222 1897 1399 1951 retractare

288 1995 355 2037 non
377 1912 514 2053 eruduit,
536 1982 572 2035 ut
592 1971 747 2058 Belpicae
767 1973 835 2037 loco
858 1971 1070 2038 Germaniam
1092 1982 1120 2037 et
1136 1994 1203 2058 pro
1227 1970 1401 2035 Giselberto

289 2057 483 2121 Heinricum
516 2057 675 2138 scriberet,
708 2080 771 2142 quo
804 2057 925 2121 scilicet
959 2056 1170 2121 Germaniam
1206 2054 1330 2119 Karolo
1368 2077 1400 2118 eo

287 2151 427 2226 tempore
460 2141 634 2227 subjectam
656 2140 770 2225 fuisse
802 2142 988 2224 simularet,·
1026 2143 1113 2226 quod
1140 2141 1181 2205 ab
1204 2139 1400 2203 Ebleebardo

294 2226 502 2311 Urauqiensi,
524 2226 583 2310 qui
604 2234 750 2289 nostrum
773 2225 941 2306 evolverat,
971 2235 1143 2310 receptum,
1172 2247 1244 2288 cum
1264 2221 1399 2308 reliquis

288 2311 433 2374 omnibus
455 2311 646 2374 testimoniis
672 2319 883 2396 repupnaret,
915 2311 960 2374 ad
989 2319 1102 2374 nostra
1127 2331 1228 2394 usque
1254 2316 1399 2390 tempora

288 2394 478 2479 scrupulum
501 2394 612 2458 saltem
634 2395 800 2458 historicis
822 2396 858 2458 in
868 2395 944 2475 ecit,
974 2417 1030 2458 nec
1054 2395 1122 2457 nisi
1144 2393 1329 2456 antbentico
1353 2413 1399 2454 re·

283 2487 377 2562 parto
410 2475 574 2562 conplicari
600 2481 720 2561 potuit.
776 2417 909 2543 Talibus
941 2478 1119 2543 Riclerum
1144 2477 1282 2560 patriae
1314 2474 1401 2538 ultra
1459 2509 1460 2556 5

310 2583 387 2624 uam
405 2559 499 2642 ferri
520 2569 625 2644 potest
646 2563 826 2626 studiosum
848 2571 876 2624 et
897 2584 1003 2626 canae
1024 2561 1162 2647 planiae,
1190 2582 1274 2646 quae
1295 2557 1345 2622 ccl
1366 2560 1400 2622 in

325 2667 346 2707 a
372 2643 493 2707 absonis
525 2645 673 2708 nuntiis⁶
705 2646 968 2730 indignationem
1006 2667 1053 2729 po
1080 2645 1208 2708 ulorum
1249 2645 1400 2722 incurrit,

289 2728 328 2792 de
352 2729 433 2792 itum
460 2728 595 2811 cooperti,
628 2728 658 2791 si
683 2737 782 2792 totum
812 2751 895 2812 opus
923 2738 1015 2792 caute
1056 2728 1224 2814 ependum,
1256 2749 1314 2790 nec
1336 2726 1400 2790 ullo

288 2814 358 2897 ejus
379 2811 447 2876 loco
470 2813 539 2875 nisi
550 2811 784 2893 fundamentis
799 2813 869 2897 ejus
884 2813 960 2876 bene
969 2815 1152 2898 perspectis
1167 2812 1322 2876 utendum
1337 2831 1401 2874 esse

288 2917 460 2977 censemus,
489 2896 575 2959 nibil
604 2894 692 2958 ultra
714 2897 842 2980 justum
863 2907 892 2960 et
912 2919 1023 2960 oerum
1045 2906 1183 2960 statuere
1209 2895 1400 2959 uidebimur.

287 2980 331 3042 Et
351 2979 401 3042 oel
416 2980 541 3064 primis
570 2978 662 3043 libris
683 2989 818 3063 praeter
840 3002 879 3044 ea
901 3004 984 3066 quae
1005 2979 1188 3044 flodoardi
1210 2981 1400 3043 auctoritate
1456 3039 1457 3060 ,

288 3066 440 3128 nituntur
448 3062 555 3148 plura
570 3071 678 3126 nostro
689 3064 836 3146 propria
850 3066 965 3146 inesse,
1009 3065 1106 3129 uibus
1113 3063 1216 3146 fidem
1227 3072 1400 3148 praestare

278 3145 343 3231 fas
365 3148 416 3227 sit,
438 3147 523 3212 ultro
536 3145 662 3231 fateor.
706 3146 870 3211 Pertinere
891 3170 927 3212 eo
949 3088 1102 3213 uidentur
1118 3149 1256 3212 historia
1277 3145 1400 3210 Odonis

288 3233 386 3317 repis,
395 3232 579 3316 praecipue
594 3232 747 3295 narratio
763 3231 802 3295 de
816 3234 954 3296 victoria
971 3233 1064 3317 apud
1075 3233 1217 3296 Montem
1225 3230 1372 3295 Pancbei
1381 3241 1400 3308 ⁴,

287 3315 360 3380 licet
386 3315 480 3380 nulla
509 3317 580 3401 ejus
601 3317 638 3379 in
662 3315 841 3379 annalibus
866 3315 1059 3397 Vedastinis,
1080 3316 1211 3380 Abbone
1231 3313 1281 3378 ael
1301 3314 1400 3412 Rspi-

287 3421 371 3464 none
393 3401 510 3464 mentio
533 3408 696 3480 occurrat,
716 3403 754 3466 in
770 3400 910 3464 historia
924 3400 1044 3465 Karoli
1065 3409 1094 3464 et
1108 3397 1243 3480 Rodulfi
1265 3400 1400 3461 notit-sae

288 3485 326 3548 de
348 3484 443 3547 rebus
465 3482 635 3568 Belpicis⁸
657 3505 696 3546 eu
719 3485 854 3569 antiquo
874 3484 971 3568 fonte
1002 3485 1180 3564 derivatae,
1212 3482 1268 3546 sed
1297 3502 1401 3566 supra

289 3567 541 3631 adulterationis
570 3575 710 3647 notatae,
741 3569 950 3632 narrationes
977 3569 1016 3632 de
1038 3568 1234 3654 Hapanone,
1262 3565 1300 3630 de
1323 3587 1399 3648 cap·

288 3653 373 3715 tione
395 3649 549 3730 Karoli⁹,
573 3651 612 3714 de
633 3649 728 3714 rebus
748 3651 1079 3732 Nortmannorum10,
1102 3661 1131 3716 et
1146 3672 1263 3735 pauca
1286 3648 1401 3726 alia¹¹,

363 3783 391 3852 1)
411 3800 434 3836 e.
448 3801 475 3852 g.
489 3785 511 3846 1,
527 3784 569 3837 62.
589 3784 676 3849 800ος
695 3787 718 3847 I,
732 3787 776 3837 44.
797 3788 881 3854 primo
902 3787 973 3838 6000
993 3788 1107 3853 scripsit,
1126 3795 1182 3838 tum
1203 3786 1283 3848 6000,
1304 3782 1400 3834 deindo

290 3857 387 3908 10000.
463 3855 493 3925 2)
511 3859 531 3920 Ι,
550 3858 594 3910 ts.
618 3859 678 3924 plus
699 3876 777 3926 quam
798 3860 850 3910 800
870 3859 1047 3920 Flodoardus,
1068 3861 1121 3910 960
1139 3860 1285 3921 Richsras3
1314 3858 1337 3920 I,
1359 3856 1399 3906 61.

288 3931 455 3982 Flodosrdus
485 3932 570 3995 1100,
601 3933 731 3983 Richsrus
760 3932 846 3995 8000;
884 3935 927 3998 II,
956 3933 999 3987 86.
1029 3935 1113 3985 occisi
1149 3932 1210 4000 plus
1239 3947 1318 3998 quam
1349 3929 1400 3979 660
1455 3949 1456 3952 “

287 4005 426 4066 Richerus,
454 4006 631 4072 quadraginta
659 4007 737 4060 Flod.
756 4007 882 4058 Annales.
974 4005 1003 4072 3)
1023 4007 1047 4068 1,
1066 4008 1111 4056 49.
1137 4007 1251 4057 victoris
1271 4004 1304 4054 dc
1323 4003 1400 4054 Nort-

288 4080 391 4130 mannis
409 4085 551 4146 reportata,
572 4086 717 4132 castrorum
735 4082 865 4140 incensio,
885 4081 957 4131 3000
976 4081 1133 4131 Nortmanni
1153 4079 1237 4131 occisi
1248 4075 1400 4128 Flodosrdo

287 4158 444 4220 repugnant.
511 4149 540 4218 4)
560 4153 583 4214 Ι,
603 4153 647 4205 46.
713 4151 743 4220 6)
763 4171 787 4205 s.
808 4154 870 4204 923.
890 4153 1009 4204 Alteram
1028 4153 1175 4205 Flodonrdi
1194 4153 1340 4203 editionem
1359 4147 1401 4199 vel

288 4225 360 4275 aliud
378 4226 490 4277 fortasse
510 4227 567 4277 eius
586 4243 652 4294 opus
671 4227 748 4278 nobis
766 4228 930 4292 incognitum
950 4228 994 4278 hic
1017 4228 1125 4278 minime
1149 4229 1177 4276 in
1197 4225 1329 4276 calculum
1357 4237 1400 4274 ss-

288 4299 345 4348 nirs
364 4315 450 4363 posse,
470 4315 538 4364 quae
551 4304 697 4365 sequuntur
710 4300 899 4350 demonstrant.
977 4299 1005 4366 6)
1025 4299 1154 4352 bullatins.
1211 4299 1240 4366 7)
1260 4299 1282 4357 Ι,
1302 4296 1400 4346 4-13.

288 4369 726 4510 ῗζ)1,82(ἐ.213.ἓ34.34.36-46.
781 4371 1117 4438 9)1‚14-1s.21.2n.
1176 4370 1223 4440 10)
1243 4373 1265 4435 I,
1284 4369 1401 4477 28-ῗ3Ι
1454 4365 1455 4370 =

373 4481 380 4495 .
419 4480 425 4494 .
461 4480 468 4504 ‚
527 4481 533 4494 .
