2938 5016
307 411 457 474 RICHERI
476 411 729 464 HISTORIARUM
747 413 860 465 LIBER
874 414 914 464 11.
1134 418 1168 469 53

67 578 238 662 periculum,
271 591 304 646 et
333 591 450 667 quanta
476 581 515 644 iis
544 579 699 646 debeatur
724 581 847 661 ruina⁸,
882 583 937 668 qui
966 581 1167 650 dominorum
1179 603 1228 645 esa.

66 672 286 748 contemptores
319 687 358 728 ac
414 674 609 731 ersecutores
642 686 711 729 esse
743 685 809 729 non
840 665 1021 732 formidant.
1076 667 1167 750 Quae

65 747 158 811 suasio
191 745 313 812 nullum
349 758 496 814 eectum
525 747 664 814 habuith.
721 749 752 812 A
780 748 926 834 predicto
957 753 1053 816 etiam
1081 775 1167 840 papa

64 851 131 894 mox
144 829 205 895 alia
218 829 335 917 legatio
351 833 473 898 directa
488 842 536 898 est
549 846 626 918 per¹
650 832 816 896 Remensis
838 832 1011 899 aecclesiae
1033 835 1062 900 le
1086 847 1166 921 atos,

64 915 111 1060 qui
130 936 148 978 a
168 936 254 1002 papa
276 915 389 983 eodem
411 915 608 981 sacerdotale
627 915 760 1002 pallium
775 917 908 1002 Hugoni
922 859 1166 1005 metropofitano

83 997 198 1080 etrdere,
221 999 372 1084 dicentes,
395 998 590 1086 apostolicae
612 1000 761 1064 iussionis
782 999 865 1064 hanc
882 1024 950 1066 esse
967 1005 1166 1088 sententiam,

62 1091 92 1144 ut
112 1080 283 1147 Galliarum
306 1086 469 1171 principes
491 1106 602 1231 regpm
624 1107 718 1148 suum
730 1085 890 1232 persequi
911 1098 1046 1172 parcant
1067 1097 1099 1152 et
1120 1090 1166 1152 in-

62 1187 147 1250 super
159 1165 270 1230 illum⁰
284 1169 454 1254 magnifice
469 1176 534 1232 atto
559 1175 630 1250 ant,
665 1190 728 1254 quo
773 1169 834 1232 nisi
855 1170 939 1234 intra
953 1172 1166 1257 prescriptum

62 1247 134 1313 diem
155 1251 305 1335 efficiant,
327 1251 473 1318 horribili
494 1251 695 1316 anathemate
722 1251 816 1317 huius
844 1253 990 1318 factionis
1018 1266 1166 1322 auctores

61 1355 91 1396 ac
110 1345 330 1420 cooperatores
352 1337 419 1402 sive
440 1336 580 1401 fautores
601 1336 790 1421 gravissime
812 1359 880 1402 esse
908 1337 1104 1422 multandos3
1138 1343 1166 1404 si

60 1439 123 1482 vero
144 1419 339 1505 apostolicae
360 1421 495 1486 iussioni
509 1429 673 1505 gratanter
688 1419 870 1503 oboediant,
890 1421 1013 1506 legatos
1028 1424 1165 1488 Romam

60 1499 194 1588 dirigant,
240 1505 387 1568 insuam
417 1504 665 1570 benivolentiam
694 1526 770 1588 erga
798 1527 908 1590 regem
939 1528 1031 1570 suum
1060 1530 1165 1594 papae

58 1585 192 1652 referant.
266 1597 280 1651 t
300 1611 358 1653 nec
383 1590 428 1652 sic
450 1588 581 1674 quidem
602 1589 755 1652 tirannis⁰
782 1589 955 1674 quicquam
976 1612 1165 1675 persuasum

62 1680 109 1734 est.
148 1671 179 1734 A
206 1673 322 1756 quibus
350 1695 422 1736 cum
451 1673 522 1757 regi
548 1673 742 1738 incessanter
769 1683 973 1758 quaereretur
1000 1676 1102 1759 ruina,
1130 1677 1165 1740 in

62 1756 242 1819 contrarium
264 1778 315 1821 res
334 1769 464 1821 eorumc
486 1765 553 1820 tota
574 1755 700 1841 relapsa
721 1763 779 1820 est.

95 1875 140 1940 28.
168 1875 241 1940 Rex
263 1898 322 1962 per
342 1876 521 1963 Rotgerum
542 1878 692 2023 comiltertn
714 1875 900 1942 Wilelmum
924 1877 1038 1944 ducem
1061 1878 1122 1944 sibi

530 1983 620 2025 conci
633 1983 663 2024 ra
679 2009 686 2023 .

131 2060 260 2126 Etenim
289 2086 357 2144 rex,
387 2062 545 2127 bonorum
573 2085 650 2126 usus
679 2061 821 2144 consilio,
847 2063 1036 2149 Rotgarium
1058 2067 1164 2130 virum

59 2140 167 2208 clarum
180 2145 332 2211 Wilelmo
353 2156 540 2236 pyratarum
562 2147 663 2232 princi
689 2147 700 2208 i
718 2168 777 2232 pro
793 2169 827 2211 se
842 2145 1021 2212 locuturum
1037 2149 1163 2214 direxit.

59 2225 116 2306 Qu
135 2229 220 2314 apud
243 2252 315 2294 eum
338 2253 396 2316 pro
419 2254 495 2316 rege
518 2231 638 2317 optime
659 2169 787 2294 firmus
807 2229 977 2314 legatione,
999 2233 1045 2297 ibi
1066 2233 1162 2298 rebus

57 2307 192 2378 humanis
213 2317 362 2380 excessit.
405 2316 490 2380 Ante
517 2325 625 2379 tamen
652 2315 789 2401 principi
815 2335 916 2398 usque
945 2315 987 2378 ad
1014 2315 1161 2380 effectum

57 2397 155 2461 suasit.
197 2398 283 2462 Nam
304 2421 369 2463 non
391 2398 490 2464 multo
513 2408 586 2484 post
608 2419 737 2463 suorum
766 2396 924 2482 legatione
953 2421 1062 2484 regem
1084 2399 1160 2465 fide·

55 2475 120 2544 liter
156 2484 303 2565 accersit,
347 2493 582 2632 exceptumqpe
624 2481 783 2546 Rodomic
829 2482 1012 2568 ingentibus
1048 2483 1160 2548 donisd

56 2562 232 2648 dignissime
261 2566 472 2630 accumulas.
554 2567 617 2632 nde
647 2575 678 2630 et
706 2565 825 2630 factum
853 2575 909 2648 est,
942 2576 978 2631 ut
1007 2566 1060 2632 alii
1086 2568 1160 2633 hinc

55 2645 251 2716 formidantes
272 2651 314 2714 ad
335 2674 444 2737 regem
470 2650 710 2736 tempestiviusl
731 2673 799 2715 sese
822 2650 1021 2716 contulerint.
1052 2651 1160 2717 Wilel-

55 2752 116 2796 mus
142 2735 251 2820 itaque
279 2735 537 2820 Aquitanorumc
570 2733 657 2798 dux²
690 2735 993 2822 Brittannorumque
1025 2735 1159 2820 Alanus,

54 2816 163 2898 piratas
190 2820 312 2904 regiam
341 2842 410 2884 rem
437 2840 548 2884 curare
579 2819 824 2906 comperientes,
860 2840 1026 2883 accessum
1057 2831 1159 2886 matu-

54 2911 129 2976 rant,
161 2924 271 2988 regem
298 2903 416 2968 adeunt
442 2913 539 2988 atque
566 2902 629 2967 fide
658 2903 744 2988 pacti
771 2901 924 2967 miliciam
945 2905 1061 2970 iurant.
1097 2905 1158 2969 His

54 2981 151 3070 itaque
179 3009 238 3050 rex
266 2985 424 3068 collectis,
453 2987 609 3086 predictis
637 2987 791 3050 tirannish
820 3008 911 3051 secus
938 2987 1072 3052 fluvium
1093 2989 1158 3053 Isa-

52 3086 111 3132 ram
136 3067 299 3134 locuturus
330 3070 484 3156 procedlt.
528 3070 662 3134 Tiranni
683 3071 807 3156 regium
833 3072 1009 3157 equitatum
1031 3094 1158 3158 suspec-

52 3158 111 3214 tum
144 3153 308 3236 habentes,
345 3163 560 3241 prevenerunt
595 3163 691 3241 atque
727 3164 840 3240 pontes
876 3156 1157 3252 precipitaverunt,

52 3254 140 3301 naves
162 3239 415 3324 circumquaque
436 3241 470 3302 in
491 3237 579 3302 aliud
599 3237 674 3302 litus
695 3236 899 3302 abducentes.
944 3237 1061 3324 Srcque
1083 3261 1157 3304 cum

52 3319 108 3383 suis
128 3321 161 3384 in
181 3322 317 3387 adverso
339 3321 479 3387 fluminis
500 3321 591 3387 litore
607 3321 825 3387 consederunt.
861 3321 1019 3386 Duabus³
1034 3332 1157 3387 tantum

51 3404 197 3470 naviculis
225 3405 301 3470 hinc
329 3406 405 3472 inde
435 3406 670 3488 cursitantibus,
727 3427 762 3469 er
789 3405 998 3468 internuntios
1032 3415 1156 3469 contro·

51 3490 145 3554 versia
166 3489 341 3555 interillos
367 3492 488 3577 agitata
514 3500 571 3554 est.
619 3491 691 3554 Tan
715 3511 765 3554 em
793 3487 852 3554 sub
881 3509 961 3574 pace
993 3499 1157 3574 sequestra

52 3569 189 3638 obsidum
210 3575 281 3638 iure
303 3596 323 3637 a
343 3597 412 3640 sese
431 3573 610 3639 discedunt.

77 3692 123 3758 29.
155 3694 342 3760 Ludovicus
363 3705 395 3761 et
416 3694 493 3760 Otto
515 3717 607 3780 reges
628 3695 662 3757 in
682 3693 863 3758 amiciciam
884 3695 1077 3760 conveniunt
1097 3717 1136 3760 ac

416 3801 475 3864 per
497 3777 648 3844 Ottonem
669 3777 778 3862 Hugo.

124 3879 205 3964 Rex,
227 3881 425 3967 principibus
447 3881 480 3944 in
502 3901 582 3966 pace
603 3878 752 3962 dimissis,
786 3899 859 3942 cum
888 3881 1000 3965 paucis
1032 3882 1093 3946 iter
1122 3882 1156 3945 in

50 3955 205 4046 Belgicam
234 3973 406 4050 retorquet,
441 3965 562 4046 Ottoui,
599 3963 689 4027 cuius
722 3983 864 4028 sororem
897 3963 1067 4050 coniugem
1095 3964 1156 4029 sibi

101 4106 124 4160 a)
137 4120 158 4158 q.
175 4109 230 4150 tabe
245 4108 378 4149 afficiantur
393 4108 446 4150 labe
464 4111 485 4149 1.
545 4105 569 4159 b)
586 4119 604 4148 s.
621 4085 674 4147 crim
689 4117 713 4150 n.
729 4118 750 4149 e.
766 4108 862 4150 haberet
878 4118 898 4150 a.
911 4118 934 4158 p.
951 4118 973 4157 p.
990 4109 1010 4149 1.
1070 4104 1091 4157 c)
1104 4111 1156 4156 poet

51 4161 93 4202 cdd.
151 4167 175 4219 d)
190 4179 210 4210 c.
228 4168 394 4208 humanissime
412 4170 433 4209 1.
497 4165 519 4218 c)
537 4167 639 4207 cumulat
655 4169 675 4208 1.
740 4164 759 4218 f)
776 4167 877 4208 colertus
893 4166 914 4205 1.
975 4163 999 4218 g)
1014 4166 1052 4216 ptr
1064 4165 1156 4205 scribere

51 4228 142 4271 comtum.
202 4223 227 4278 h)
244 4225 357 4278 Magoni)
375 4231 398 4268 et
412 4223 554 4280 menterno)
568 4231 619 4275 post
633 4225 684 4266 cdd.
749 4224 767 4278 t)
785 4227 836 4267 adv.
854 4228 875 4268 1.

116 4319 143 4385 1)
163 4318 229 4371 Οιωη
248 4320 342 4386 quibus
357 4319 463 4388 pariter
482 4327 506 4373 et
524 4320 619 4390 legatio
639 4321 709 4374 venit
727 4321 807 4373 Flod.
888 4317 917 4387 2)
942 4319 1082 4374 Wllelmaa
1095 4317 1155 4370 Pa-

50 4394 154 4446 taocacic
172 4393 268 4456 stota
288 4409 367 4461 quem
386 4395 513 4462 seqnitur.
588 4393 617 4462 3)
637 4395 715 4447 Haec
733 4395 874 4448 Richeruc.
