2938 5016
289 399 443 452 RICHERI
463 399 713 454 HISTORIARUM
733 399 845 452 LIBER
863 401 901 451 ll.
1124 402 1158 452 67

88 566 134 631 34.
165 568 239 633 Rex
261 566 327 632 filio
350 565 492 632 Wilelmi
513 564 674 632 Richardo
697 575 815 632 terram
837 569 936 652 patris
960 568 1115 634 concedit.
1168 589 1218 632 sss.

125 667 193 733 Nec
216 668 317 735 multo
363 679 413 735 ost
434 680 465 736 et
487 670 556 734 eius
577 667 678 732 filium
701 667 740 732 de
763 667 930 734 Brittanna
952 671 1222 755 ‘concubinasq-
1238 685 1282 728 ¹0¹·

51 751 169 818 nomine
202 753 305 818 Richa
345 776 410 836 um,
440 755 510 839 regi
541 752 714 834 deducunt,
747 753 830 838 gesti
861 753 982 838 negotii
1014 755 1157 821 ordinem

51 835 228 919 pandentes.
261 839 332 904 Rex
353 836 564 903 adolescentis
582 836 773 922 elegantiam
788 835 967 919 advertens,
988 837 1159 906 liberaliter

52 921 171 1006 excipit,
205 923 405 1008 provinciam
427 931 558 1008 epatre
585 920 711 1007 pridem
734 942 913 1006 possessam
940 923 969 986 ei
991 921 1158 1009 largiens³.

51 1003 186 1070 Poticres
203 1027 330 1092 quoque
347 1007 401 1094 qui
417 1027 489 1070 cum
505 1004 742 1071 adolescentulo
757 1015 958 1070 accesserant
972 1029 1031 1092 per
1045 1029 1158 1074 manus

52 1099 78 1151 et
97 1099 331 1155 sacramentum
359 1091 443 1176 regis
472 1089 562 1155 fiunt.
604 1088 769 1236 Multaque
798 1091 882 1175 regis
904 1088 1093 1156 liberalitate
1114 1094 1158 1156 ic-

52 1171 187 1254 cundati,
225 1175 380 1240 recedunt
411 1175 625 1239 Rodomumr.
679 1171 744 1237 Αἰ
776 1195 852 1238 vero
889 1173 1158 1240 Nortmanncrum

52 1254 238 1322 Richardum
270 1258 312 1322 ad
344 1281 454 1344 regern
487 1258 636 1326 transisse
669 1255 881 1342 indignantes,
914 1257 956 1322 ad
985 1259 1158 1346 Hugonem

53 1339 156 1407 ducem
179 1343 358 1408 concedunt
370 1356 389 1406 ¹.

53 1460 96 1524 35.
126 1463 197 1528 Rex
217 1485 237 1526 a
256 1465 323 1528 suis
338 1463 520 1528 Rodomum
541 1463 715 1528 accersitur
736 1483 774 1526 ac
794 1484 867 1526 cum
888 1464 1000 1549 piratis
1019 1463 1158 1529 dimicat.

126 1565 191 1646 Qui
223 1574 331 1631 autem
362 1567 447 1650 regis
480 1575 587 1651 partes
620 1563 806 1646 tuebantur,
830 1587 901 1714 Iper
930 1564 1052 1651 legatos
1085 1589 1158 1632 eum

53 1649 232 1714 accersitum
254 1650 393 1715 Rodomi
414 1650 564 1714 decenter
588 1649 776 1734 suscipiunt.
863 1645 896 1711 bi
919 1670 991 1713 cum
1014 1651 1043 1715 ei
1064 1650 1158 1716 refer-

53 1741 139 1814 retur,
161 1756 271 1819 regem
293 1734 467 1820 piratarum
484 1732 609 1798 Setrich
632 1754 705 1796 cum
727 1731 828 1796 classe
851 1733 1001 1818 copiosac
1022 1733 1157 1800 fluvium

53 1813 226 1902 Sequanam
254 1819 287 1881 in
312 1841 443 1900 ressum,
474 1839 513 1882 ac
542 1818 611 1882 eius
639 1816 755 1881 ducem
783 1815 1024 1883 'Phurmodumd
1051 1841 1158 1886 eonse-

54 1909 175 1984 quenter
207 1841 374 1967 navalibus
408 1903 508 1987 copiis
536 1899 713 1982 advenisse,
746 1909 783 1964 ut
810 1901 932 1988 absque
960 1925 995 1967 re
1019 1903 1046 1966 is
1075 1904 1159 1968 donc

54 1986 150 2047 omnia
170 1987 348 2071 pervadant
369 1997 466 2072 atque
489 1984 630 2050 defuncti
659 1984 750 2050 ducis
779 1983 881 2049 filium
909 1985 950 2050 ad
979 1925 1159 2052 idolatriam

53 2067 197 2134 suadeant
217 2072 378 2170 ritumque
423 2067 551 2135 entilcm
578 2068 739 2146 inducant,
767 2091 826 2133 rex
847 2071 956 2156 copias
978 2071 1063 2136 unde
1086 2093 1159 2136 con-

53 2152 206 2234 grediatur
227 2153 356 2240 colligrt.
400 2093 571 2239 lleumque
600 2152 846 2238 propitiaturum
876 2153 1024 2234 confisus,
1052 2153 1159 2220 alieni-

53 2237 153 2318 genise
174 2261 249 2302 cum
270 2239 332 2303 800
353 2239 501 2303 occurrit.
533 2237 577 2300 Et
591 2237 667 2323 quia
682 2259 754 2300 eum
770 2237 882 2321 paucis
898 2246 973 2318 erat,
995 2237 1035 2300 ad
1051 2237 1158 2303 hostes

54 2319 282 2388 concludendos
314 2323 399 2388 acies
431 2323 466 2386 in
500 2321 626 2386 diversa
659 2320 827 2405 disponere
860 2320 1013 2405 nequivit.
1068 2321 1161 2386 Suisf

53 2401 151 2491 itaque
179 2407 327 2492 stipatus,
357 2407 469 2472 erectis
498 2407 524 2470 si
549 2406 598 2468 nis
629 2427 666 2468 ac
689 2403 821 2470 densato
850 2403 977 2488 agmine
1005 2405 1158 2491 procedit.

55 2484 187 2554 Gentiles
210 2513 339 2577 quoque
361 2490 471 2555 ordine
486 2427 626 2576 pedestri
647 2487 846 2554 incedebant.
889 2486 1009 2574 Propin
1034 2499 1159 2555 uantes-

1 2613 2 2616 =
54 2591 108 2717 que
128 2576 236 2662 patrio,
253 2598 341 2640 more
363 2577 397 2638 in
428 2576 531 2660 primo
560 2572 699 2638 tumultu
728 2595 819 2638 enses
840 2572 970 2636 iaciunt.
1012 2511 1159 2654 Quorum

72 2659 198 2724 ensitate
226 2661 349 2745 equites
377 2660 503 2724 territos
533 2679 571 2722 ac
601 2659 760 2722 sauciatos
788 2656 858 2738 rati,
892 2679 966 2721 cum
997 2657 1036 2722 cli
1062 2661 1107 2723 eis
1128 2669 1160 2724 et

54 2738 115 2805 telis
135 2755 356 2828 prosecuntur.
390 2742 433 2808 At
447 2744 554 2841 regius
570 2743 730 2828 equitatus
739 2754 763 2824 ὃ,
785 2742 908 2805 ensium
923 2740 1008 2807 nube
1028 2680 1059 2806 d

54 2821 217 2923 clipeorum
240 2827 419 2893 obiectione
441 2835 508 2909 tun,
532 2827 564 2889 in
585 2823 710 2911 pedites
737 2825 889 2890 feruntur.
933 2824 982 2888 Ac
1005 2825 1159 2909 densatih,

54 2927 129 2974 ac1es
156 2911 325 2977 sternendo
358 2921 453 2998 atque
482 2908 693 2974 interimendo
720 2909 849 2974 indivisi
877 2919 1046 2996 penetrant
1072 2933 1159 2996 egre-

55 2990 249 3082 diunturque.
293 2996 479 3080 Rursusque
500 2995 647 3079 regressi,
675 3001 843 3078 penetrant
878 3015 916 3057 ac
949 2993 1158 3080 disrumpunt.

54 3073 165 3162 Regem
188 3102 316 3166 quoque
341 3079 465 3144 Setrich
488 3099 560 3142 cum
582 3075 735 3142 violentia
755 3076 831 3142 belli
846 3078 880 3141 in
894 3077 1004 3164 fugam
1019 3089 1158 3164 cogeret,

55 3158 82 3222 in
101 3161 228 3230 dumeto
257 3185 335 3228 mox
361 3172 515 3248 repertus,
544 3159 646 3225 tribus
674 3160 794 3225 lanceis
815 3181 835 3224 a
856 3159 1038 3246 palantibus
1060 3173 1159 3227 trans·

55 3241 129 3309 fixus
151 3257 207 3312 est.
257 3245 463 3312 Thurmodus
490 3267 566 3312 vero
594 3267 667 3310 cum
689 3244 795 3309 adhuc
824 3246 858 3308 in
885 3247 1056 3309 certamine
1084 3248 1158 3311 totis

55 3328 167 3395 viribus
195 3340 353 3418 ageretur,
379 3329 420 3395 ab
449 3329 614 3395 Ludovico
645 3330 719 3416 equi
745 3329 926 3414 impetentis
955 3339 1084 3414 pectore
1111 3339 1160 3394 est

1 3429 2 3495 ἢ
55 3408 195 3480 deiectus.
246 3418 350 3497 Quem
380 3437 453 3479 cum
482 3437 541 3480 rex
571 3414 693 3499 impetu
743 3413 895 3494 reteriret,
925 3433 985 3476 nec
1013 3433 1085 3476 eum
1113 3412 1159 3476 di-

1 3503 2 3540 l
54 3509 198 3582 nosceret,
221 3509 253 3564 et
274 3500 314 3565 ab
333 3498 477 3564 hostibus
491 3499 655 3584 impetitus
670 3499 704 3561 in
719 3435 790 3560 lbco
805 3505 903 3561 staret
918 3495 1159 3582 comminusque

1 3568 2 3616 l
56 3579 240 3667 confligeret,
261 3582 466 3647 Thurmodus
488 3583 554 3646 suis
577 3582 722 3668 stipatus,
744 3603 853 3667 regem
875 3601 894 3642 a
916 3587 1006 3664 tergo
1028 3581 1159 3665 appetit,

1 3633 3 3722 l
55 3659 210 3765 factusque
238 3667 267 3732 ei
296 3667 424 3748 dexter,
444 3688 512 3814 per
538 3663 656 3730 loricae
685 3666 845 3729 manicam
875 3685 959 3813 pene
988 3686 1089 3750 usque
1116 3665 1158 3729 ad

1 3793 2 3796 ,
55 3747 165 3815 sinistn
184 3751 292 3816 lateris
312 3772 443 3838 ypocun
467 3751 547 3814 riam
569 3751 680 3814 lancea
701 3749 832 3813 sauciat.
905 3771 947 3814 ex
968 3747 1068 3813 multa
1083 3747 1159 3814 cede

55 3829 91 3895 ab
111 3855 148 3898 ec
158 3835 279 3922 impetu
293 3833 458 3922 paulisper
473 3833 622 3916 dimotus,
638 3833 834 3897 sauciantem
849 3833 989 3919 respicit.
1025 3833 1159 3919 Ietuque

1 3924 2 4006 l
55 3911 84 3977 in
103 3915 247 3983 dextram
263 3919 436 4008 obliquato,
458 3917 664 4004 provocantis
679 3929 777 4004 caput
796 3937 868 3980 eum
884 3916 1016 3982 humero
1032 3917 1158 3981 sinistro

1049 2743 1159 2830 ilapsa,

1 4083 2 4097 ¹
107 4079 130 4131 s)
145 4081 241 4132 largitur
257 4085 277 4123 1.
336 4081 360 4136 b)
377 4083 509 4124 Rodomunt
523 4093 542 4122 e.
601 4078 623 4132 c)
639 4079 713 4120 mults
729 4082 750 4119 1.
805 4077 829 4131 d)
845 4079 924 4122 Tarm.
937 4077 1159 4128 superacutarum

57 4132 201 4240 :lobsffiec
217 4153 239 4183 s.
257 4144 277 4184 1.
330 4141 418 4196 ostris
435 4162 461 4172 -·
479 4140 584 4192 prceedlt
599 4140 623 4180 ta
638 4149 706 4188 aare.
723 4139 773 4181 aad.
826 4136 850 4189 ς)
864 4139 979 4178 exercitus
995 4139 1015 4178 1.
1066 4133 1090 4186 h)
1108 4145 1161 4176 con·

125 4307 152 4377 1)
173 4266 250 4366 Haec
270 4329 303 4366 ex
324 4315 404 4368 Flod.
423 4314 491 4379 9433
512 4314 587 4366 cuius
606 4312 786 4364 narrationem
812 4326 835 4364 c.
855 4310 898 4362 35.
917 4307 997 4361 raldo
1016 4307 1156 4375 ampliavit

1 4423 2 4438 .
59 4385 83 4432 st
99 4397 130 4435 eo
150 4383 313 4453 deformavit,
332 4388 405 4455 quod
423 4386 602 4440 Thurmodum
623 4385 718 4438 ducem
738 4384 835 4437 Setrici
855 4383 928 4436 dicit.
