<?xml version="1.0" encoding="UTF-8"?>
<!DOCTYPE html PUBLIC "-//W3C//DTD XHTML 1.0 Transitional//EN"
    "http://www.w3.org/TR/xhtml1/DTD/xhtml1-transitional.dtd">
<html xmlns="http://www.w3.org/1999/xhtml" xml:lang="en" lang="en">
 <head>
  <title>
</title>
<meta http-equiv="Content-Type" content="text/html;charset=utf-8" />
  <meta name='ocr-system' content='tesseract 3.04.00' />
  <meta name='ocr-capabilities' content='ocr_page ocr_carea ocr_par ocr_line ocrx_word'/>
</head>
<body>
  <div class='ocr_page' id='page_1' title='image "./richerihistoria00richgoog_0169.png"; bbox 0 0 2936 5010; ppageno 0'>
   <div class='ocr_carea' id='block_1_1' title="bbox 324 402 1198 456">
    <p class='ocr_par' dir='ltr' id='par_1_1' title="bbox 324 402 1198 456">
     <span class='ocr_line' id='line_1_1' title="bbox 324 402 1198 456; baseline 0.002 -2"><span class='ocrx_word' id='word_1_1' title='bbox 324 404 374 456; x_wconf 80' lang='lat'>148</span> <span class='ocrx_word' id='word_1_2' title='bbox 557 403 710 455; x_wconf 79' lang='lat' dir='ltr'>RIOHERI</span> <span class='ocrx_word' id='word_1_3' title='bbox 729 403 981 456; x_wconf 80' lang='lat' dir='ltr'>HISTORIARUM</span> <span class='ocrx_word' id='word_1_4' title='bbox 1000 402 1112 456; x_wconf 82' lang='lat' dir='ltr'>LIBER</span> <span class='ocrx_word' id='word_1_5' title='bbox 1131 405 1198 456; x_wconf 87' lang='lat'>1111.</span> 
     </span>
    </p>
   </div>
   <div class='ocr_carea' id='block_1_2' title="bbox 258 564 1463 2254">
    <p class='ocr_par' dir='ltr' id='par_1_2' title="bbox 258 564 1463 2254">
     <span class='ocr_line' id='line_1_2' title="bbox 258 564 1460 660; baseline 0.003 -28"><span class='ocrx_word' id='word_1_6' title='bbox 258 574 399 658; x_wconf 74' lang='lat' dir='ltr'>rsaregi,</span> <span class='ocrx_word' id='word_1_7' title='bbox 421 570 462 638; x_wconf 88' lang='lat' dir='ltr'>ab</span> <span class='ocrx_word' id='word_1_8' title='bbox 485 593 522 636; x_wconf 93' lang='lat' dir='ltr'>eo</span> <span class='ocrx_word' id='word_1_9' title='bbox 545 569 687 635; x_wconf 90' lang='lat' dir='ltr'>osculum</span> <span class='ocrx_word' id='word_1_10' title='bbox 709 571 863 658; x_wconf 82' lang='lat' dir='ltr'>accepit1.</span> <span class='ocrx_word' id='word_1_11' title='bbox 907 571 950 636; x_wconf 82' lang='lat' dir='ltr'>Et</span> <span class='ocrx_word' id='word_1_12' title='bbox 971 593 1044 635; x_wconf 90' lang='lat' dir='ltr'>cum</span> <span class='ocrx_word' id='word_1_13' title='bbox 1065 571 1105 637; x_wconf 89' lang='lat' dir='ltr'>de</span> <span class='ocrx_word' id='word_1_14' title='bbox 1134 573 1266 637; x_wconf 88' lang='lat' dir='ltr'>obiectis</span> <span class='ocrx_word' id='word_1_15' title='bbox 1293 571 1415 660; x_wconf 86' lang='lat' dir='ltr'>aliquam</span> <span class='ocrx_word' id='word_1_16' title='bbox 1459 564 1460 580; x_wconf 51' lang='lat'>¹</span> 
     </span>
     <span class='ocr_line' id='line_1_3' title="bbox 321 653 1415 754; baseline 0 -34"><span class='ocrx_word' id='word_1_17' title='bbox 321 657 504 744; x_wconf 86' lang='lat' dir='ltr'>purgationi</span> <span class='ocrx_word' id='word_1_18' title='bbox 526 677 656 754; x_wconf 90' lang='lat' dir='ltr'>operam</span> <span class='ocrx_word' id='word_1_19' title='bbox 678 653 754 722; x_wconf 86' lang='lat' dir='ltr'>dare</span> <span class='ocrx_word' id='word_1_20' title='bbox 775 653 882 738; x_wconf 90' lang='lat' dir='ltr'>vellet,</span> <span class='ocrx_word' id='word_1_21' title='bbox 904 679 962 720; x_wconf 89' lang='lat' dir='ltr'>rex</span> <span class='ocrx_word' id='word_1_22' title='bbox 983 654 1046 720; x_wconf 87' lang='lat' dir='ltr'>sibi</span> <span class='ocrx_word' id='word_1_23' title='bbox 1067 655 1214 722; x_wconf 74' lang='lat' dir='ltr'>srdficere</span> <span class='ocrx_word' id='word_1_24' title='bbox 1237 655 1324 738; x_wconf 82' lang='lat' dir='ltr'>dixit,</span> <span class='ocrx_word' id='word_1_25' title='bbox 1352 667 1415 720; x_wconf 87' lang='lat' dir='ltr'>uta</span> 
     </span>
     <span class='ocr_line' id='line_1_4' title="bbox 320 739 1415 828; baseline -0.001 -24"><span class='ocrx_word' id='word_1_26' title='bbox 320 742 478 828; x_wconf 88' lang='lat' dir='ltr'>preteritis</span> <span class='ocrx_word' id='word_1_27' title='bbox 508 749 684 826; x_wconf 87' lang='lat' dir='ltr'>quresceret</span> <span class='ocrx_word' id='word_1_28' title='bbox 710 748 741 804; x_wconf 91' lang='lat' dir='ltr'>et</span> <span class='ocrx_word' id='word_1_29' title='bbox 766 739 882 804; x_wconf 83' lang='lat' dir='ltr'>exinde</span> <span class='ocrx_word' id='word_1_30' title='bbox 908 739 968 804; x_wconf 89' lang='lat' dir='ltr'>sibi</span> <span class='ocrx_word' id='word_1_31' title='bbox 996 739 1091 804; x_wconf 91' lang='lat' dir='ltr'>fidem</span> <span class='ocrx_word' id='word_1_32' title='bbox 1119 739 1341 806; x_wconf 87' lang='lat' dir='ltr'>inviolabiliter</span> <span class='ocrx_word' id='word_1_33' title='bbox 1364 763 1415 804; x_wconf 87' lang='lat' dir='ltr'>ser-</span> 
     </span>
     <span class='ocr_line' id='line_1_5' title="bbox 320 823 1415 910; baseline -0.002 -20"><span class='ocrx_word' id='word_1_34' title='bbox 320 835 419 890; x_wconf 84' lang='lat' dir='ltr'>varet.</span> <span class='ocrx_word' id='word_1_35' title='bbox 456 825 533 890; x_wconf 88' lang='lat' dir='ltr'>Sese</span> <span class='ocrx_word' id='word_1_36' title='bbox 555 825 681 910; x_wconf 90' lang='lat' dir='ltr'>penitus</span> <span class='ocrx_word' id='word_1_37' title='bbox 703 845 766 888; x_wconf 90' lang='lat' dir='ltr'>non</span> <span class='ocrx_word' id='word_1_38' title='bbox 787 824 943 909; x_wconf 85' lang='lat' dir='ltr'>ignorare,</span> <span class='ocrx_word' id='word_1_39' title='bbox 964 823 1120 888; x_wconf 90' lang='lat' dir='ltr'>Karolum</span> <span class='ocrx_word' id='word_1_40' title='bbox 1142 825 1259 890; x_wconf 85' lang='lat' dir='ltr'>civim</span> <span class='ocrx_word' id='word_1_41' title='bbox 1280 823 1415 906; x_wconf 89' lang='lat' dir='ltr'>intulisse,</span> 
     </span>
     <span class='ocr_line' id='line_1_6' title="bbox 321 906 1463 994; baseline -0.003 -19"><span class='ocrx_word' id='word_1_42' title='bbox 321 919 352 975; x_wconf 91' lang='lat' dir='ltr'>et</span> <span class='ocrx_word' id='word_1_43' title='bbox 373 931 497 974; x_wconf 89' lang='lat' dir='ltr'>summa</span> <span class='ocrx_word' id='word_1_44' title='bbox 518 907 552 972; x_wconf 93' lang='lat' dir='ltr'>id</span> <span class='ocrx_word' id='word_1_45' title='bbox 577 906 809 972; x_wconf 82' lang='lat' dir='ltr'>necessitudine</span> <span class='ocrx_word' id='word_1_46' title='bbox 837 909 965 988; x_wconf 85' lang='lat' dir='ltr'>factum,</span> <span class='ocrx_word' id='word_1_47' title='bbox 995 919 1030 973; x_wconf 89' lang='lat' dir='ltr'>ut</span> <span class='ocrx_word' id='word_1_48' title='bbox 1055 907 1097 972; x_wconf 89' lang='lat' dir='ltr'>ad</span> <span class='ocrx_word' id='word_1_49' title='bbox 1124 917 1252 994; x_wconf 84' lang='lat' dir='ltr'>tempus</span> <span class='ocrx_word' id='word_1_50' title='bbox 1274 931 1292 972; x_wconf 88' lang='lat' dir='ltr'>a</span> <span class='ocrx_word' id='word_1_51' title='bbox 1313 932 1345 972; x_wconf 90' lang='lat' dir='ltr'>se</span> <span class='ocrx_word' id='word_1_52' title='bbox 1365 908 1416 971; x_wconf 88' lang='lat' dir='ltr'>dis·</span> <span class='ocrx_word' id='word_1_53' title='bbox 1462 969 1463 972; x_wconf 74' lang='grc'>,</span> 
     </span>
     <span class='ocr_line' id='line_1_7' title="bbox 320 989 1463 1079; baseline 0 -21"><span class='ocrx_word' id='word_1_54' title='bbox 320 993 447 1059; x_wconf 91' lang='lat' dir='ltr'>cederet</span> <span class='ocrx_word' id='word_1_55' title='bbox 469 1003 500 1058; x_wconf 92' lang='lat' dir='ltr'>et</span> <span class='ocrx_word' id='word_1_56' title='bbox 520 989 640 1056; x_wconf 90' lang='lat' dir='ltr'>Karolo</span> <span class='ocrx_word' id='word_1_57' title='bbox 662 992 758 1056; x_wconf 89' lang='lat' dir='ltr'>etiam</span> <span class='ocrx_word' id='word_1_58' title='bbox 779 990 889 1056; x_wconf 90' lang='lat' dir='ltr'>nolens</span> <span class='ocrx_word' id='word_1_59' title='bbox 910 991 1041 1056; x_wconf 87' lang='lat' dir='ltr'>faveret.</span> <span class='ocrx_word' id='word_1_60' title='bbox 1084 991 1146 1058; x_wconf 86' lang='lat' dir='ltr'>Sed</span> <span class='ocrx_word' id='word_1_61' title='bbox 1170 993 1250 1079; x_wconf 90' lang='lat' dir='ltr'>quia</span> <span class='ocrx_word' id='word_1_62' title='bbox 1266 992 1415 1058; x_wconf 82' lang='lat' dir='ltr'>idfactun</span> <span class='ocrx_word' id='word_1_63' title='bbox 1462 1000 1463 1004; x_wconf 75' lang='grc'>’</span> 
     </span>
     <span class='ocr_line' id='line_1_8' title="bbox 320 1073 1414 1163; baseline -0.003 -20"><span class='ocrx_word' id='word_1_64' title='bbox 320 1087 397 1160; x_wconf 88' lang='lat' dir='ltr'>erat,</span> <span class='ocrx_word' id='word_1_65' title='bbox 420 1075 505 1163; x_wconf 91' lang='lat' dir='ltr'>quod</span> <span class='ocrx_word' id='word_1_66' title='bbox 526 1073 709 1141; x_wconf 86' lang='lat' dir='ltr'>labefactari</span> <span class='ocrx_word' id='word_1_67' title='bbox 729 1097 793 1140; x_wconf 90' lang='lat' dir='ltr'>non</span> <span class='ocrx_word' id='word_1_68' title='bbox 814 1084 947 1161; x_wconf 87' lang='lat' dir='ltr'>poterat,</span> <span class='ocrx_word' id='word_1_69' title='bbox 977 1075 1077 1140; x_wconf 88' lang='lat' dir='ltr'>multa</span> <span class='ocrx_word' id='word_1_70' title='bbox 1102 1079 1224 1142; x_wconf 91' lang='lat' dir='ltr'>ratione</span> <span class='ocrx_word' id='word_1_71' title='bbox 1247 1079 1277 1142; x_wconf 93' lang='lat' dir='ltr'>ei</span> <span class='ocrx_word' id='word_1_72' title='bbox 1298 1099 1363 1141; x_wconf 88' lang='lat' dir='ltr'>esse</span> <span class='ocrx_word' id='word_1_73' title='bbox 1381 1077 1414 1140; x_wconf 86' lang='lat' dir='ltr'>vi·</span> 
     </span>
     <span class='ocr_line' id='line_1_9' title="bbox 320 1157 1463 1247; baseline 0 -21"><span class='ocrx_word' id='word_1_74' title='bbox 320 1160 469 1243; x_wconf 90' lang='lat' dir='ltr'>dendum,</span> <span class='ocrx_word' id='word_1_75' title='bbox 493 1170 529 1224; x_wconf 92' lang='lat' dir='ltr'>ut</span> <span class='ocrx_word' id='word_1_76' title='bbox 550 1161 685 1224; x_wconf 89' lang='lat' dir='ltr'>amissae</span> <span class='ocrx_word' id='word_1_77' title='bbox 706 1157 794 1223; x_wconf 90' lang='lat' dir='ltr'>urbis</span> <span class='ocrx_word' id='word_1_78' title='bbox 819 1159 993 1244; x_wconf 89' lang='lat' dir='ltr'>dampnum</span> <span class='ocrx_word' id='word_1_79' title='bbox 1015 1158 1238 1244; x_wconf 91' lang='lat' dir='ltr'>aliquomodo</span> <span class='ocrx_word' id='word_1_80' title='bbox 1262 1160 1415 1247; x_wconf 84' lang='lat' dir='ltr'>suppleret.</span> <span class='ocrx_word' id='word_1_81' title='bbox 1462 1223 1463 1226; x_wconf 74' lang='grc'>,</span> 
     </span>
     <span class='ocr_line' id='line_1_10' title="bbox 322 1243 1463 1330; baseline -0.005 -18"><span class='ocrx_word' id='word_1_82' title='bbox 322 1246 358 1312; x_wconf 86' lang='lat' dir='ltr'>Si</span> <span class='ocrx_word' id='word_1_83' title='bbox 378 1245 491 1310; x_wconf 90' lang='lat' dir='ltr'>urbem</span> <span class='ocrx_word' id='word_1_84' title='bbox 512 1243 630 1308; x_wconf 87' lang='lat' dir='ltr'>habere</span> <span class='ocrx_word' id='word_1_85' title='bbox 650 1252 686 1307; x_wconf 91' lang='lat' dir='ltr'>ut</span> <span class='ocrx_word' id='word_1_86' title='bbox 706 1252 779 1307; x_wconf 85' lang='lat' dir='ltr'>ante</span> <span class='ocrx_word' id='word_1_87' title='bbox 800 1265 865 1307; x_wconf 91' lang='lat' dir='ltr'>non</span> <span class='ocrx_word' id='word_1_88' title='bbox 886 1251 1003 1330; x_wconf 90' lang='lat' dir='ltr'>posset,</span> <span class='ocrx_word' id='word_1_89' title='bbox 1026 1245 1136 1309; x_wconf 88' lang='lat' dir='ltr'>saltem</span> <span class='ocrx_word' id='word_1_90' title='bbox 1158 1243 1313 1310; x_wconf 88' lang='lat' dir='ltr'>Karolum</span> <span class='ocrx_word' id='word_1_91' title='bbox 1334 1244 1415 1308; x_wconf 89' lang='lat' dir='ltr'>adse</span> <span class='ocrx_word' id='word_1_92' title='bbox 1462 1254 1463 1258; x_wconf 77' lang='grc'>’</span> 
     </span>
     <span class='ocr_line' id='line_1_11' title="bbox 319 1327 1415 1414; baseline -0.005 -19"><span class='ocrx_word' id='word_1_93' title='bbox 319 1330 454 1396; x_wconf 86' lang='lat' dir='ltr'>transire</span> <span class='ocrx_word' id='word_1_94' title='bbox 475 1327 603 1410; x_wconf 89' lang='lat' dir='ltr'>faceret,</span> <span class='ocrx_word' id='word_1_95' title='bbox 632 1337 668 1392; x_wconf 93' lang='lat' dir='ltr'>ut</span> <span class='ocrx_word' id='word_1_96' title='bbox 690 1348 723 1390; x_wconf 92' lang='lat' dir='ltr'>se</span> <span class='ocrx_word' id='word_1_97' title='bbox 745 1329 958 1392; x_wconf 82' lang='lat' dir='ltr'>consentiente</span> <span class='ocrx_word' id='word_1_98' title='bbox 981 1329 1066 1414; x_wconf 93' lang='lat' dir='ltr'>quod</span> <span class='ocrx_word' id='word_1_99' title='bbox 1092 1339 1277 1414; x_wconf 88' lang='lat' dir='ltr'>pervaserat</span> <span class='ocrx_word' id='word_1_100' title='bbox 1302 1337 1415 1394; x_wconf 90' lang='lat' dir='ltr'>teneret.</span> 
     </span>
     <span class='ocr_line' id='line_1_12' title="bbox 320 1409 1415 1498; baseline -0.004 -18"><span class='ocrx_word' id='word_1_101' title='bbox 320 1414 412 1480; x_wconf 88' lang='lat' dir='ltr'>Haec</span> <span class='ocrx_word' id='word_1_102' title='bbox 434 1421 465 1480; x_wconf 90' lang='lat' dir='ltr'>et</span> <span class='ocrx_word' id='word_1_103' title='bbox 486 1409 641 1498; x_wconf 88' lang='lat' dir='ltr'>ampliora</span> <span class='ocrx_word' id='word_1_104' title='bbox 661 1409 813 1474; x_wconf 77' lang='lat' dir='ltr'>Amulius</span> <span class='ocrx_word' id='word_1_105' title='bbox 834 1434 903 1477; x_wconf 91' lang='lat' dir='ltr'>sese</span> <span class='ocrx_word' id='word_1_106' title='bbox 924 1412 1083 1476; x_wconf 89' lang='lat' dir='ltr'>facturum</span> <span class='ocrx_word' id='word_1_107' title='bbox 1103 1411 1281 1498; x_wconf 89' lang='lat' dir='ltr'>pollicetur,</span> <span class='ocrx_word' id='word_1_108' title='bbox 1309 1423 1415 1477; x_wconf 87' lang='lat' dir='ltr'>tantum</span> 
     </span>
     <span class='ocr_line' id='line_1_13' title="bbox 319 1494 1416 1584; baseline -0.005 -22"><span class='ocrx_word' id='word_1_109' title='bbox 319 1508 355 1564; x_wconf 90' lang='lat' dir='ltr'>ut</span> <span class='ocrx_word' id='word_1_110' title='bbox 375 1499 461 1584; x_wconf 85' lang='lat' dir='ltr'>regis</span> <span class='ocrx_word' id='word_1_111' title='bbox 483 1497 585 1582; x_wconf 84' lang='lat' dir='ltr'>gratia</span> <span class='ocrx_word' id='word_1_112' title='bbox 606 1496 667 1561; x_wconf 92' lang='lat' dir='ltr'>sibi</span> <span class='ocrx_word' id='word_1_113' title='bbox 687 1494 838 1560; x_wconf 87' lang='lat' dir='ltr'>reddatur</span> <span class='ocrx_word' id='word_1_114' title='bbox 859 1505 890 1562; x_wconf 91' lang='lat' dir='ltr'>et</span> <span class='ocrx_word' id='word_1_115' title='bbox 911 1496 922 1558; x_wconf 95' lang='lat' dir='ltr'>i</span> <span class='ocrx_word' id='word_1_116' title='bbox 946 1519 979 1560; x_wconf 92' lang='lat' dir='ltr'>se</span> <span class='ocrx_word' id='word_1_117' title='bbox 1001 1496 1088 1582; x_wconf 89' lang='lat' dir='ltr'>apud</span> <span class='ocrx_word' id='word_1_118' title='bbox 1111 1520 1183 1560; x_wconf 90' lang='lat' dir='ltr'>eum</span> <span class='ocrx_word' id='word_1_119' title='bbox 1205 1507 1240 1561; x_wconf 94' lang='lat' dir='ltr'>ut</span> <span class='ocrx_word' id='word_1_120' title='bbox 1254 1494 1416 1582; x_wconf 90' lang='lat' dir='ltr'>metropoli-</span> 
     </span>
     <span class='ocr_line' id='line_1_14' title="bbox 319 1519 1463 1666; baseline -0.006 -19"><span class='ocrx_word' id='word_1_121' title='bbox 319 1589 414 1648; x_wconf 88' lang='lat' dir='ltr'>tanus</span> <span class='ocrx_word' id='word_1_122' title='bbox 436 1581 616 1646; x_wconf 86' lang='lat' dir='ltr'>honoretur.</span> <span class='ocrx_word' id='word_1_123' title='bbox 650 1579 721 1644; x_wconf 87' lang='lat' dir='ltr'>Rex</span> <span class='ocrx_word' id='word_1_124' title='bbox 735 1581 870 1664; x_wconf 87' lang='lat' dir='ltr'>gratiam</span> <span class='ocrx_word' id='word_1_125' title='bbox 885 1519 1016 1644; x_wconf 80' lang='lat' dir='ltr'>indulsit</span> <span class='ocrx_word' id='word_1_126' title='bbox 1035 1591 1067 1646; x_wconf 93' lang='lat' dir='ltr'>et</span> <span class='ocrx_word' id='word_1_127' title='bbox 1081 1591 1117 1646; x_wconf 92' lang='lat' dir='ltr'>ut</span> <span class='ocrx_word' id='word_1_128' title='bbox 1131 1580 1304 1666; x_wconf 89' lang='lat' dir='ltr'>plurimum</span> <span class='ocrx_word' id='word_1_129' title='bbox 1324 1601 1416 1646; x_wconf 90' lang='lat' dir='ltr'>coram</span> <span class='ocrx_word' id='word_1_130' title='bbox 1462 1647 1463 1650; x_wconf 8' lang='grc' dir='ltr'><strong>Ἴ</strong></span> 
     </span>
     <span class='ocr_line' id='line_1_15' title="bbox 320 1663 1416 1746; baseline -0.007 -14"><span class='ocrx_word' id='word_1_131' title='bbox 320 1689 354 1732; x_wconf 92' lang='lat' dir='ltr'>se</span> <span class='ocrx_word' id='word_1_132' title='bbox 376 1667 528 1732; x_wconf 85' lang='lat' dir='ltr'>honorem</span> <span class='ocrx_word' id='word_1_133' title='bbox 548 1663 681 1728; x_wconf 89' lang='lat' dir='ltr'>haberet</span> <span class='ocrx_word' id='word_1_134' title='bbox 707 1665 892 1728; x_wconf 84' lang='lat' dir='ltr'>eoncessit².</span> <span class='ocrx_word' id='word_1_135' title='bbox 936 1664 1028 1729; x_wconf 91' lang='lat' dir='ltr'>Unde</span> <span class='ocrx_word' id='word_1_136' title='bbox 1058 1673 1090 1729; x_wconf 89' lang='lat' dir='ltr'>et</span> <span class='ocrx_word' id='word_1_137' title='bbox 1114 1665 1234 1730; x_wconf 90' lang='lat' dir='ltr'>factum</span> <span class='ocrx_word' id='word_1_138' title='bbox 1262 1676 1317 1746; x_wconf 87' lang='lat' dir='ltr'>est,</span> <span class='ocrx_word' id='word_1_139' title='bbox 1343 1663 1416 1728; x_wconf 88' lang='lat' dir='ltr'>utin</span> 
     </span>
     <span class='ocr_line' id='line_1_16' title="bbox 319 1747 1416 1836; baseline -0.005 -23"><span class='ocrx_word' id='word_1_140' title='bbox 319 1750 476 1836; x_wconf 72' lang='lat' dir='ltr'>prandiol</span> <span class='ocrx_word' id='word_1_141' title='bbox 507 1748 558 1813; x_wconf 90' lang='lat' dir='ltr'>die</span> <span class='ocrx_word' id='word_1_142' title='bbox 588 1747 700 1812; x_wconf 89' lang='lat' dir='ltr'>eadem</span> <span class='ocrx_word' id='word_1_143' title='bbox 728 1749 796 1832; x_wconf 84' lang='lat' dir='ltr'>regi</span> <span class='ocrx_word' id='word_1_144' title='bbox 828 1747 956 1830; x_wconf 85' lang='lat' dir='ltr'>dexter,</span> <span class='ocrx_word' id='word_1_145' title='bbox 990 1747 1150 1836; x_wconf 88' lang='lat' dir='ltr'>Adalbero</span> <span class='ocrx_word' id='word_1_146' title='bbox 1182 1751 1312 1834; x_wconf 83' lang='lat' dir='ltr'>reginae</span> <span class='ocrx_word' id='word_1_147' title='bbox 1342 1747 1416 1812; x_wconf 89' lang='lat' dir='ltr'>levus</span> 
     </span>
     <span class='ocr_line' id='line_1_17' title="bbox 318 1831 1416 1918; baseline -0.005 -20"><span class='ocrx_word' id='word_1_148' title='bbox 318 1833 480 1898; x_wconf 88' lang='lat' dir='ltr'>resideret.</span> <span class='ocrx_word' id='word_1_149' title='bbox 517 1831 578 1894; x_wconf 93' lang='lat' dir='ltr'>His</span> <span class='ocrx_word' id='word_1_150' title='bbox 599 1833 644 1896; x_wconf 87' lang='lat' dir='ltr'>ita</span> <span class='ocrx_word' id='word_1_151' title='bbox 666 1853 734 1895; x_wconf 91' lang='lat' dir='ltr'>sese</span> <span class='ocrx_word' id='word_1_152' title='bbox 755 1831 1122 1911; x_wconf 74' lang='lat' dir='ltr'>habentibus,=Amulfus</span> <span class='ocrx_word' id='word_1_153' title='bbox 1133 1831 1173 1896; x_wconf 89' lang='lat' dir='ltr'>ab</span> <span class='ocrx_word' id='word_1_154' title='bbox 1196 1855 1272 1918; x_wconf 84' lang='lat' dir='ltr'>rege</span> <span class='ocrx_word' id='word_1_155' title='bbox 1294 1833 1416 1896; x_wconf 90' lang='lat' dir='ltr'>dimotus</span> 
     </span>
     <span class='ocr_line' id='line_1_18' title="bbox 320 1913 1416 2000; baseline -0.005 -18"><span class='ocrx_word' id='word_1_156' title='bbox 320 1926 377 1982; x_wconf 88' lang='lat' dir='ltr'>est.</span> <span class='ocrx_word' id='word_1_157' title='bbox 419 1917 536 1979; x_wconf 84' lang='lat' dir='ltr'>Mirum</span> <span class='ocrx_word' id='word_1_158' title='bbox 562 1917 646 2000; x_wconf 85' lang='lat' dir='ltr'>regis</span> <span class='ocrx_word' id='word_1_159' title='bbox 673 1913 918 1982; x_wconf 87' lang='lat' dir='ltr'>benivolentiam</span> <span class='ocrx_word' id='word_1_160' title='bbox 945 1915 1066 1980; x_wconf 90' lang='lat' dir='ltr'>Karolo</span> <span class='ocrx_word' id='word_1_161' title='bbox 1095 1916 1255 1981; x_wconf 88' lang='lat' dir='ltr'>indicavit.</span> <span class='ocrx_word' id='word_1_162' title='bbox 1306 1917 1416 1998; x_wconf 74' lang='lat' dir='ltr'>Quanto</span> 
     </span>
     <span class='ocr_line' id='line_1_19' title="bbox 321 1997 1463 2100; baseline -0.006 -34"><span class='ocrx_word' id='word_1_163' title='bbox 321 2023 448 2100; x_wconf 84' lang='lat' dir='ltr'>quoque</span> <span class='ocrx_word' id='word_1_164' title='bbox 469 1999 588 2064; x_wconf 88' lang='lat' dir='ltr'>honore</span> <span class='ocrx_word' id='word_1_165' title='bbox 610 1997 697 2084; x_wconf 91' lang='lat' dir='ltr'>apud</span> <span class='ocrx_word' id='word_1_166' title='bbox 712 2019 786 2062; x_wconf 90' lang='lat' dir='ltr'>eum</span> <span class='ocrx_word' id='word_1_167' title='bbox 800 1998 926 2064; x_wconf 88' lang='lat' dir='ltr'>habitus</span> <span class='ocrx_word' id='word_1_168' title='bbox 942 2001 983 2064; x_wconf 90' lang='lat' dir='ltr'>sit</span> <span class='ocrx_word' id='word_1_169' title='bbox 997 1999 1171 2086; x_wconf 82' lang='lat' dir='ltr'>explicans,</span> <span class='ocrx_word' id='word_1_170' title='bbox 1194 2001 1233 2065; x_wconf 92' lang='lat' dir='ltr'>de</span> <span class='ocrx_word' id='word_1_171' title='bbox 1249 2001 1315 2064; x_wconf 91' lang='lat' dir='ltr'>eius</span> <span class='ocrx_word' id='word_1_172' title='bbox 1329 1999 1417 2085; x_wconf 87' lang='lat' dir='ltr'>gratia</span> <span class='ocrx_word' id='word_1_173' title='bbox 1462 2083 1463 2088; x_wconf 8' lang='grc' dir='ltr'>γ</span> 
     </span>
     <span class='ocr_line' id='line_1_20' title="bbox 319 2082 1416 2172; baseline -0.004 -23"><span class='ocrx_word' id='word_1_174' title='bbox 319 2084 493 2172; x_wconf 80' lang='lat' dir='ltr'>plurimum</span> <span class='ocrx_word' id='word_1_175' title='bbox 514 2082 718 2168; x_wconf 85' lang='lat' dir='ltr'>gloriabatur.</span> <span class='ocrx_word' id='word_1_176' title='bbox 754 2085 785 2146; x_wconf 87' lang='lat' dir='ltr'>A</span> <span class='ocrx_word' id='word_1_177' title='bbox 808 2104 870 2170; x_wconf 92' lang='lat' dir='ltr'>quo</span> <span class='ocrx_word' id='word_1_178' title='bbox 892 2093 1035 2170; x_wconf 90' lang='lat' dir='ltr'>tempore</span> <span class='ocrx_word' id='word_1_179' title='bbox 1056 2086 1140 2170; x_wconf 88' lang='lat' dir='ltr'>regis</span> <span class='ocrx_word' id='word_1_180' title='bbox 1156 2095 1188 2149; x_wconf 89' lang='lat' dir='ltr'>et</span> <span class='ocrx_word' id='word_1_181' title='bbox 1201 2084 1312 2148; x_wconf 90' lang='lat' dir='ltr'>Karoli</span> <span class='ocrx_word' id='word_1_182' title='bbox 1325 2105 1416 2148; x_wconf 89' lang='lat' dir='ltr'>recon-</span> 
     </span>
     <span class='ocr_line' id='line_1_21' title="bbox 319 2166 996 2254; baseline -0.004 -19"><span class='ocrx_word' id='word_1_183' title='bbox 319 2169 513 2235; x_wconf 88' lang='lat' dir='ltr'>ciliationem</span> <span class='ocrx_word' id='word_1_184' title='bbox 534 2177 629 2254; x_wconf 88' lang='lat' dir='ltr'>atque</span> <span class='ocrx_word' id='word_1_185' title='bbox 649 2166 791 2232; x_wconf 90' lang='lat' dir='ltr'>favorem</span> <span class='ocrx_word' id='word_1_186' title='bbox 814 2167 996 2254; x_wconf 89' lang='lat' dir='ltr'>quaerebat.</span> 
     </span>
    </p>
   </div>
   <div class='ocr_carea' id='block_1_3' title="bbox 517 2287 1234 2374">
    <p class='ocr_par' dir='ltr' id='par_1_3' title="bbox 517 2287 1234 2374">
     <span class='ocr_line' id='line_1_22' title="bbox 517 2287 1234 2374; baseline 0 -22"><span class='ocrx_word' id='word_1_187' title='bbox 517 2291 568 2354; x_wconf 88' lang='grc'>46.</span> <span class='ocrx_word' id='word_1_188' title='bbox 611 2287 789 2374; x_wconf 73' lang='lat' dir='ltr'>Exceptiol</span> <span class='ocrx_word' id='word_1_189' title='bbox 811 2287 1024 2352; x_wconf 89' lang='lat' dir='ltr'>Adalberonis</span> <span class='ocrx_word' id='word_1_190' title='bbox 1046 2310 1066 2352; x_wconf 90' lang='lat' dir='ltr'>a</span> <span class='ocrx_word' id='word_1_191' title='bbox 1085 2287 1234 2352; x_wconf 74' lang='lat' dir='ltr'>Karolol.</span> 
     </span>
    </p>
   </div>
   <div class='ocr_carea' id='block_1_4' title="bbox 317 2389 1463 3569">
    <p class='ocr_par' dir='ltr' id='par_1_4' title="bbox 317 2389 1463 3569">
     <span class='ocr_line' id='line_1_23' title="bbox 403 2389 1416 2478; baseline -0.006 -22"><span class='ocrx_word' id='word_1_192' title='bbox 403 2392 494 2472; x_wconf 75' lang='lat' dir='ltr'>Quae</span> <span class='ocrx_word' id='word_1_193' title='bbox 516 2391 592 2455; x_wconf 94' lang='lat' dir='ltr'>dum</span> <span class='ocrx_word' id='word_1_194' title='bbox 614 2392 660 2455; x_wconf 89' lang='lat' dir='ltr'>sic</span> <span class='ocrx_word' id='word_1_195' title='bbox 682 2413 751 2454; x_wconf 89' lang='lat' dir='ltr'>sese</span> <span class='ocrx_word' id='word_1_196' title='bbox 771 2389 934 2472; x_wconf 88' lang='lat' dir='ltr'>haberent,</span> <span class='ocrx_word' id='word_1_197' title='bbox 956 2389 1116 2456; x_wconf 87' lang='lat' dir='ltr'>Adalbero</span> <span class='ocrx_word' id='word_1_198' title='bbox 1139 2414 1159 2454; x_wconf 94' lang='lat' dir='ltr'>a</span> <span class='ocrx_word' id='word_1_199' title='bbox 1179 2414 1254 2478; x_wconf 88' lang='lat' dir='ltr'>rege</span> <span class='ocrx_word' id='word_1_200' title='bbox 1273 2391 1416 2478; x_wconf 86' lang='lat' dir='ltr'>digressus</span> 
     </span>
     <span class='ocr_line' id='line_1_24' title="bbox 318 2473 1416 2561; baseline -0.005 -22"><span class='ocrx_word' id='word_1_201' title='bbox 318 2485 375 2558; x_wconf 90' lang='lat' dir='ltr'>est,</span> <span class='ocrx_word' id='word_1_202' title='bbox 395 2474 616 2561; x_wconf 87' lang='lat' dir='ltr'>Karolumque</span> <span class='ocrx_word' id='word_1_203' title='bbox 638 2484 759 2560; x_wconf 89' lang='lat' dir='ltr'>petens,</span> <span class='ocrx_word' id='word_1_204' title='bbox 780 2473 929 2538; x_wconf 85' lang='lat' dir='ltr'>Lauduni</span> <span class='ocrx_word' id='word_1_205' title='bbox 951 2473 1050 2540; x_wconf 90' lang='lat' dir='ltr'>multa</span> <span class='ocrx_word' id='word_1_206' title='bbox 1078 2473 1250 2540; x_wconf 81' lang='lat' dir='ltr'>ambitione</span> <span class='ocrx_word' id='word_1_207' title='bbox 1280 2485 1416 2558; x_wconf 87' lang='lat' dir='ltr'>exceptus</span> 
     </span>
     <span class='ocr_line' id='line_1_25' title="bbox 318 2557 1463 2643; baseline -0.003 -21"><span class='ocrx_word' id='word_1_208' title='bbox 318 2567 375 2622; x_wconf 87' lang='lat' dir='ltr'>est.</span> <span class='ocrx_word' id='word_1_209' title='bbox 418 2558 472 2624; x_wconf 87' lang='lat' dir='ltr'>Ad</span> <span class='ocrx_word' id='word_1_210' title='bbox 494 2582 527 2623; x_wconf 90' lang='lat' dir='ltr'>se</span> <span class='ocrx_word' id='word_1_211' title='bbox 550 2561 599 2623; x_wconf 88' lang='lat' dir='ltr'>sui</span> <span class='ocrx_word' id='word_1_212' title='bbox 619 2559 761 2640; x_wconf 88' lang='lat' dir='ltr'>redeunt,</span> <span class='ocrx_word' id='word_1_213' title='bbox 786 2558 841 2643; x_wconf 92' lang='lat' dir='ltr'>qui</span> <span class='ocrx_word' id='word_1_214' title='bbox 862 2570 935 2623; x_wconf 89' lang='lat' dir='ltr'>ante</span> <span class='ocrx_word' id='word_1_215' title='bbox 949 2557 990 2623; x_wconf 91' lang='lat' dir='ltr'>ab</span> <span class='ocrx_word' id='word_1_216' title='bbox 1006 2558 1085 2622; x_wconf 90' lang='lat' dir='ltr'>urbe</span> <span class='ocrx_word' id='word_1_217' title='bbox 1101 2557 1315 2625; x_wconf 83' lang='lat' dir='ltr'>exulaverant.</span> <span class='ocrx_word' id='word_1_218' title='bbox 1349 2559 1415 2622; x_wconf 90' lang='lat' dir='ltr'>Rem</span> <span class='ocrx_word' id='word_1_219' title='bbox 1462 2591 1463 2594; x_wconf 34' lang='lat'>¹</span> 
     </span>
     <span class='ocr_line' id='line_1_26' title="bbox 318 2640 1463 2730; baseline -0.001 -25"><span class='ocrx_word' id='word_1_220' title='bbox 318 2640 506 2706; x_wconf 81' lang='lat' dir='ltr'>familiarem</span> <span class='ocrx_word' id='word_1_221' title='bbox 528 2652 563 2706; x_wconf 88' lang='lat' dir='ltr'>ut</span> <span class='ocrx_word' id='word_1_222' title='bbox 585 2652 657 2706; x_wconf 90' lang='lat' dir='ltr'>ante</span> <span class='ocrx_word' id='word_1_223' title='bbox 680 2642 862 2728; x_wconf 89' lang='lat' dir='ltr'>disponunt,</span> <span class='ocrx_word' id='word_1_224' title='bbox 885 2644 918 2705; x_wconf 91' lang='lat' dir='ltr'>in</span> <span class='ocrx_word' id='word_1_225' title='bbox 939 2641 1025 2707; x_wconf 93' lang='lat' dir='ltr'>nullo</span> <span class='ocrx_word' id='word_1_226' title='bbox 1045 2641 1224 2708; x_wconf 84' lang='lat' dir='ltr'>dubitantes</span> <span class='ocrx_word' id='word_1_227' title='bbox 1248 2655 1279 2709; x_wconf 88' lang='lat' dir='ltr'>et</span> <span class='ocrx_word' id='word_1_228' title='bbox 1299 2651 1415 2730; x_wconf 73' lang='lat' dir='ltr'>paoem⁰</span> <span class='ocrx_word' id='word_1_229' title='bbox 1462 2657 1463 2662; x_wconf 74' lang='grc'>’</span> 
     </span>
     <span class='ocr_line' id='line_1_27' title="bbox 318 2724 1415 2812; baseline -0.004 -22"><span class='ocrx_word' id='word_1_230' title='bbox 318 2725 523 2812; x_wconf 92' lang='lat' dir='ltr'>postmodum</span> <span class='ocrx_word' id='word_1_231' title='bbox 544 2735 715 2812; x_wconf 87' lang='lat' dir='ltr'>sperantes.</span> <span class='ocrx_word' id='word_1_232' title='bbox 752 2724 882 2790; x_wconf 87' lang='lat' dir='ltr'>Olerum</span> <span class='ocrx_word' id='word_1_233' title='bbox 904 2749 1000 2812; x_wconf 92' lang='lat' dir='ltr'>quem</span> <span class='ocrx_word' id='word_1_234' title='bbox 1021 2728 1178 2809; x_wconf 88' lang='lat' dir='ltr'>amiserat,</span> <span class='ocrx_word' id='word_1_235' title='bbox 1204 2729 1315 2792; x_wconf 86' lang='lat' dir='ltr'>revisit</span> <span class='ocrx_word' id='word_1_236' title='bbox 1339 2728 1415 2811; x_wconf 89' lang='lat' dir='ltr'>eique</span> 
     </span>
     <span class='ocr_line' id='line_1_28' title="bbox 318 2807 1415 2896; baseline -0.001 -24"><span class='ocrx_word' id='word_1_237' title='bbox 318 2810 516 2895; x_wconf 90' lang='lat' dir='ltr'>compatitur,</span> <span class='ocrx_word' id='word_1_238' title='bbox 531 2807 778 2874; x_wconf 90' lang='lat' dir='ltr'>benivolentiam</span> <span class='ocrx_word' id='word_1_239' title='bbox 800 2809 946 2896; x_wconf 90' lang='lat' dir='ltr'>spondet,</span> <span class='ocrx_word' id='word_1_240' title='bbox 967 2819 1002 2875; x_wconf 93' lang='lat' dir='ltr'>ut</span> <span class='ocrx_word' id='word_1_241' title='bbox 1023 2833 1043 2874; x_wconf 89' lang='lat' dir='ltr'>a</span> <span class='ocrx_word' id='word_1_242' title='bbox 1064 2834 1097 2875; x_wconf 92' lang='lat' dir='ltr'>se</span> <span class='ocrx_word' id='word_1_243' title='bbox 1119 2833 1184 2876; x_wconf 91' lang='lat' dir='ltr'>non</span> <span class='ocrx_word' id='word_1_244' title='bbox 1200 2812 1346 2876; x_wconf 89' lang='lat' dir='ltr'>deficiant</span> <span class='ocrx_word' id='word_1_245' title='bbox 1358 2811 1415 2874; x_wconf 93' lang='lat' dir='ltr'>hor-</span> 
     </span>
     <span class='ocr_line' id='line_1_29' title="bbox 318 2892 1414 2993; baseline -0.002 -36"><span class='ocrx_word' id='word_1_246' title='bbox 318 2902 412 2957; x_wconf 88' lang='lat' dir='ltr'>tatur.</span> <span class='ocrx_word' id='word_1_247' title='bbox 445 2894 620 2993; x_wconf 76' lang='lat' dir='ltr'>Postquam</span> <span class='ocrx_word' id='word_1_248' title='bbox 641 2895 717 2957; x_wconf 90' lang='lat' dir='ltr'>satis</span> <span class='ocrx_word' id='word_1_249' title='bbox 733 2892 881 2980; x_wconf 91' lang='lat' dir='ltr'>colloquii</span> <span class='ocrx_word' id='word_1_250' title='bbox 896 2915 970 2959; x_wconf 95' lang='lat' dir='ltr'>cum</span> <span class='ocrx_word' id='word_1_251' title='bbox 985 2896 1050 2958; x_wconf 89' lang='lat' dir='ltr'>suis</span> <span class='ocrx_word' id='word_1_252' title='bbox 1065 2895 1185 2978; x_wconf 89' lang='lat' dir='ltr'>habuit,</span> <span class='ocrx_word' id='word_1_253' title='bbox 1207 2896 1247 2960; x_wconf 92' lang='lat' dir='ltr'>de</span> <span class='ocrx_word' id='word_1_254' title='bbox 1263 2896 1414 2960; x_wconf 84' lang='lat' dir='ltr'>securitate</span> 
     </span>
     <span class='ocr_line' id='line_1_30' title="bbox 317 2975 1463 3064; baseline -0.003 -24"><span class='ocrx_word' id='word_1_255' title='bbox 317 2976 393 3042; x_wconf 89' lang='lat' dir='ltr'>fidei</span> <span class='ocrx_word' id='word_1_256' title='bbox 415 2985 446 3040; x_wconf 93' lang='lat' dir='ltr'>et</span> <span class='ocrx_word' id='word_1_257' title='bbox 467 2977 555 3042; x_wconf 90' lang='lat' dir='ltr'>urbrs</span> <span class='ocrx_word' id='word_1_258' title='bbox 583 3000 602 3041; x_wconf 90' lang='lat' dir='ltr'>a</span> <span class='ocrx_word' id='word_1_259' title='bbox 628 2975 747 3041; x_wconf 90' lang='lat' dir='ltr'>Karolo</span> <span class='ocrx_word' id='word_1_260' title='bbox 770 2979 965 3044; x_wconf 87' lang='lat' dir='ltr'>convenitur.</span> <span class='ocrx_word' id='word_1_261' title='bbox 1009 2979 1095 3060; x_wconf 78' lang='lat' dir='ltr'>Qui³</span> <span class='ocrx_word' id='word_1_262' title='bbox 1122 2980 1168 3043; x_wconf 87' lang='lat' dir='ltr'>sic</span> <span class='ocrx_word' id='word_1_263' title='bbox 1195 3001 1285 3044; x_wconf 88' lang='lat' dir='ltr'>orsus</span> <span class='ocrx_word' id='word_1_264' title='bbox 1313 2978 1414 3064; x_wconf 90' lang='lat' dir='ltr'>coepit:</span> <span class='ocrx_word' id='word_1_265' title='bbox 1462 3011 1463 3016; x_wconf 20' lang='grc' dir='ltr'><strong>κ</strong></span> 
     </span>
     <span class='ocr_line' id='line_1_31' title="bbox 318 3060 1414 3149; baseline 0 -25"><span class='ocrx_word' id='word_1_266' title='bbox 318 3060 489 3141; x_wconf 81' lang='lat' dir='ltr'>‘Quoniam</span> <span class='ocrx_word' id='word_1_267' title='bbox 509 3061 671 3136; x_wconf 77' lang='lat' dir='ltr'>Divinitas</span> <span class='ocrx_word' id='word_1_268' title='bbox 692 3061 726 3124; x_wconf 94' lang='lat' dir='ltr'>in</span> <span class='ocrx_word' id='word_1_269' title='bbox 748 3062 894 3127; x_wconf 90' lang='lat' dir='ltr'>omnibus</span> <span class='ocrx_word' id='word_1_270' title='bbox 916 3063 1095 3127; x_wconf 89' lang='lat' dir='ltr'>misericors</span> <span class='ocrx_word' id='word_1_271' title='bbox 1123 3065 1219 3128; x_wconf 89' lang='lat' dir='ltr'>etiam</span> <span class='ocrx_word' id='word_1_272' title='bbox 1241 3065 1319 3130; x_wconf 91' lang='lat' dir='ltr'>dum</span> <span class='ocrx_word' id='word_1_273' title='bbox 1339 3061 1414 3149; x_wconf 90' lang='lat' dir='ltr'>punit</span> 
     </span>
     <span class='ocr_line' id='line_1_32' title="bbox 318 3145 1463 3232; baseline 0.005 -24"><span class='ocrx_word' id='word_1_274' title='bbox 318 3145 564 3212; x_wconf 89' lang='lat' dir='ltr'>misericorditer</span> <span class='ocrx_word' id='word_1_275' title='bbox 585 3153 742 3232; x_wconf 86' lang='lat' dir='ltr'>operatur,</span> <span class='ocrx_word' id='word_1_276' title='bbox 765 3147 847 3210; x_wconf 88' lang='lat' dir='ltr'>iusto</span> <span class='ocrx_word' id='word_1_277' title='bbox 869 3147 937 3212; x_wconf 92' lang='lat' dir='ltr'>eius</span> <span class='ocrx_word' id='word_1_278' title='bbox 958 3147 1071 3211; x_wconf 89' lang='lat' dir='ltr'>iuditio</span> <span class='ocrx_word' id='word_1_279' title='bbox 1093 3170 1145 3212; x_wconf 92' lang='lat' dir='ltr'>me</span> <span class='ocrx_word' id='word_1_280' title='bbox 1167 3156 1198 3211; x_wconf 92' lang='lat' dir='ltr'>et</span> <span class='ocrx_word' id='word_1_281' title='bbox 1219 3149 1373 3214; x_wconf 87' lang='lat' dir='ltr'>abiectum</span> <span class='ocrx_word' id='word_1_282' title='bbox 1390 3153 1413 3206; x_wconf 77' lang='lat' dir='ltr'>el</span> <span class='ocrx_word' id='word_1_283' title='bbox 1462 3171 1463 3182; x_wconf 58' lang='lat'>¹</span> 
     </span>
     <span class='ocr_line' id='line_1_33' title="bbox 317 3229 1414 3318; baseline 0 -24"><span class='ocrx_word' id='word_1_284' title='bbox 317 3239 480 3317; x_wconf 88' lang='lat' dir='ltr'>receptum</span> <span class='ocrx_word' id='word_1_285' title='bbox 503 3251 672 3316; x_wconf 81' lang='lat' dir='ltr'>cognosco</span> <span class='ocrx_word' id='word_1_286' title='bbox 713 3229 793 3294; x_wconf 84' lang='lat' dir='ltr'>Eius</span> <span class='ocrx_word' id='word_1_287' title='bbox 814 3231 972 3316; x_wconf 88' lang='lat' dir='ltr'>aequitate</span> <span class='ocrx_word' id='word_1_288' title='bbox 998 3231 1058 3295; x_wconf 89' lang='lat' dir='ltr'>hac</span> <span class='ocrx_word' id='word_1_289' title='bbox 1087 3230 1166 3296; x_wconf 92' lang='lat' dir='ltr'>urbe</span> <span class='ocrx_word' id='word_1_290' title='bbox 1188 3254 1239 3296; x_wconf 90' lang='lat' dir='ltr'>me</span> <span class='ocrx_word' id='word_1_291' title='bbox 1261 3240 1414 3318; x_wconf 86' lang='lat' dir='ltr'>exceptum</span> 
     </span>
     <span class='ocr_line' id='line_1_34' title="bbox 317 3313 1413 3402; baseline -0.004 -24"><span class='ocrx_word' id='word_1_292' title='bbox 317 3313 468 3396; x_wconf 89' lang='lat' dir='ltr'>arbitror,</span> <span class='ocrx_word' id='word_1_293' title='bbox 507 3315 573 3378; x_wconf 92' lang='lat' dir='ltr'>eius</span> <span class='ocrx_word' id='word_1_294' title='bbox 602 3313 797 3399; x_wconf 80' lang='lat' dir='ltr'>benignitate</span> <span class='ocrx_word' id='word_1_295' title='bbox 827 3314 912 3401; x_wconf 91' lang='lat' dir='ltr'>quod</span> <span class='ocrx_word' id='word_1_296' title='bbox 941 3337 979 3378; x_wconf 87' lang='lat' dir='ltr'>su</span> <span class='ocrx_word' id='word_1_297' title='bbox 1004 3323 1086 3380; x_wconf 89' lang='lat' dir='ltr'>erest</span> <span class='ocrx_word' id='word_1_298' title='bbox 1106 3315 1270 3402; x_wconf 89' lang='lat' dir='ltr'>prestolor.</span> <span class='ocrx_word' id='word_1_299' title='bbox 1320 3317 1413 3401; x_wconf 90' lang='lat' dir='ltr'>Ipsum</span> 
     </span>
     <span class='ocr_line' id='line_1_35' title="bbox 317 3395 1463 3486; baseline -0.002 -24"><span class='ocrx_word' id='word_1_300' title='bbox 317 3399 413 3463; x_wconf 91' lang='lat' dir='ltr'>etiam</span> <span class='ocrx_word' id='word_1_301' title='bbox 438 3420 495 3463; x_wconf 91' lang='lat' dir='ltr'>vos</span> <span class='ocrx_word' id='word_1_302' title='bbox 517 3408 548 3464; x_wconf 91' lang='lat' dir='ltr'>et</span> <span class='ocrx_word' id='word_1_303' title='bbox 569 3396 652 3462; x_wconf 86' lang='lat' dir='ltr'>hanc</span> <span class='ocrx_word' id='word_1_304' title='bbox 680 3395 793 3463; x_wconf 91' lang='lat' dir='ltr'>urbem</span> <span class='ocrx_word' id='word_1_305' title='bbox 821 3397 900 3462; x_wconf 92' lang='lat' dir='ltr'>mihi</span> <span class='ocrx_word' id='word_1_306' title='bbox 927 3421 961 3462; x_wconf 89' lang='lat' dir='ltr'>re</span> <span class='ocrx_word' id='word_1_307' title='bbox 986 3398 1113 3481; x_wconf 89' lang='lat' dir='ltr'>didisse,</span> <span class='ocrx_word' id='word_1_308' title='bbox 1143 3401 1265 3486; x_wconf 90' lang='lat' dir='ltr'>opinor.</span> <span class='ocrx_word' id='word_1_309' title='bbox 1308 3399 1413 3465; x_wconf 88' lang='lat' dir='ltr'>ADeo</span> <span class='ocrx_word' id='word_1_310' title='bbox 1462 3411 1463 3434; x_wconf 80' lang='lat'>³</span> 
     </span>
     <span class='ocr_line' id='line_1_36' title="bbox 317 3481 1414 3569; baseline 0 -26"><span class='ocrx_word' id='word_1_311' title='bbox 317 3482 424 3568; x_wconf 87' lang='lat' dir='ltr'>itaque</span> <span class='ocrx_word' id='word_1_312' title='bbox 445 3481 605 3547; x_wconf 88' lang='lat' dir='ltr'>redditum</span> <span class='ocrx_word' id='word_1_313' title='bbox 632 3481 710 3546; x_wconf 93' lang='lat' dir='ltr'>mihi</span> <span class='ocrx_word' id='word_1_314' title='bbox 730 3481 862 3568; x_wconf 87' lang='lat' dir='ltr'>adiungi</span> <span class='ocrx_word' id='word_1_315' title='bbox 883 3504 1009 3569; x_wconf 87' lang='lat' dir='ltr'>quaero.</span> <span class='ocrx_word' id='word_1_316' title='bbox 1042 3483 1169 3549; x_wconf 89' lang='lat' dir='ltr'>Adsunt</span> <span class='ocrx_word' id='word_1_317' title='bbox 1183 3493 1302 3568; x_wconf 86' lang='lat' dir='ltr'>sancta,</span> <span class='ocrx_word' id='word_1_318' title='bbox 1324 3502 1414 3568; x_wconf 90' lang='lat' dir='ltr'>super-</span> 
     </span>
    </p>
   </div>
   <div class='ocr_carea' id='block_1_5' title="bbox 378 3669 1093 3726">
    <p class='ocr_par' dir='ltr' id='par_1_5' title="bbox 378 3669 1093 3726">
     <span class='ocr_line' id='line_1_37' title="bbox 378 3669 1093 3726; baseline 0.006 -15"><span class='ocrx_word' id='word_1_319' title='bbox 378 3669 402 3724; x_wconf 77' lang='lat' dir='ltr'>a)</span> <span class='ocrx_word' id='word_1_320' title='bbox 415 3673 517 3722; x_wconf 80' lang='lat' dir='ltr'>inpendo</span> <span class='ocrx_word' id='word_1_321' title='bbox 534 3674 554 3714; x_wconf 87' lang='lat'>1.</span> <span class='ocrx_word' id='word_1_322' title='bbox 614 3671 638 3725; x_wconf 93' lang='lat' dir='ltr'>b)</span> <span class='ocrx_word' id='word_1_323' title='bbox 652 3674 708 3726; x_wconf 84' lang='lat' dir='ltr'>ptto,</span> <span class='ocrx_word' id='word_1_324' title='bbox 723 3673 810 3714; x_wconf 75' lang='lat' dir='ltr'>Karolo</span> <span class='ocrx_word' id='word_1_325' title='bbox 826 3674 882 3714; x_wconf 80' lang='lat' dir='ltr'>otoo.</span> <span class='ocrx_word' id='word_1_326' title='bbox 943 3672 964 3726; x_wconf 88' lang='lat' dir='ltr'>c)</span> <span class='ocrx_word' id='word_1_327' title='bbox 977 3679 1027 3724; x_wconf 76' lang='lat' dir='ltr'>post</span> <span class='ocrx_word' id='word_1_328' title='bbox 1043 3676 1093 3716; x_wconf 80' lang='lat' dir='ltr'>odd.</span> 
     </span>
    </p>
   </div>
   <div class='ocr_carea' id='block_1_6' title="bbox 309 3802 1463 4458">
    <p class='ocr_par' dir='ltr' id='par_1_6' title="bbox 309 3802 1463 4458">
     <span class='ocr_line' id='line_1_38' title="bbox 393 3802 1463 3874; baseline 0.002 -21"><span class='ocrx_word' id='word_1_329' title='bbox 393 3803 419 3867; x_wconf 92' lang='grc'>1)</span> <span class='ocrx_word' id='word_1_330' title='bbox 440 3802 780 3872; x_wconf 76' lang='lat' dir='ltr'>cf.serberueprst01am</span> <span class='ocrx_word' id='word_1_331' title='bbox 802 3805 867 3867; x_wconf 82' lang='lat'>193,</span> <span class='ocrx_word' id='word_1_332' title='bbox 893 3806 990 3858; x_wconf 88' lang='lat' dir='ltr'>Olleris</span> <span class='ocrx_word' id='word_1_333' title='bbox 1015 3823 1040 3873; x_wconf 90' lang='lat' dir='ltr'>p.</span> <span class='ocrx_word' id='word_1_334' title='bbox 1063 3807 1128 3856; x_wconf 79' lang='lat'>109:</span> <span class='ocrx_word' id='word_1_335' title='bbox 1153 3805 1277 3874; x_wconf 70' lang='lat' dir='ltr'>pravium</span> <span class='ocrx_word' id='word_1_336' title='bbox 1300 3805 1413 3873; x_wconf 77' lang='lat' dir='ltr'>episcopo·</span> <span class='ocrx_word' id='word_1_337' title='bbox 1462 3827 1463 3832; x_wconf 45' lang='lat'>¹</span> 
     </span>
     <span class='ocr_line' id='line_1_39' title="bbox 316 3877 1463 3946; baseline 0.001 -20"><span class='ocrx_word' id='word_1_338' title='bbox 316 3892 378 3926; x_wconf 83' lang='lat' dir='ltr'>rum</span> <span class='ocrx_word' id='word_1_339' title='bbox 396 3877 475 3942; x_wconf 86' lang='lat' dir='ltr'>forto</span> <span class='ocrx_word' id='word_1_340' title='bbox 501 3877 635 3941; x_wconf 77' lang='lat' dir='ltr'>consultu,</span> <span class='ocrx_word' id='word_1_341' title='bbox 665 3879 756 3945; x_wconf 71' lang='lat' dir='ltr'>tepetis</span> <span class='ocrx_word' id='word_1_342' title='bbox 782 3884 805 3930; x_wconf 87' lang='lat' dir='ltr'>et</span> <span class='ocrx_word' id='word_1_343' title='bbox 834 3877 917 3930; x_wconf 87' lang='lat' dir='ltr'>literis</span> <span class='ocrx_word' id='word_1_344' title='bbox 944 3881 1077 3946; x_wconf 74' lang='lat' dir='ltr'>synodicis</span> <span class='ocrx_word' id='word_1_345' title='bbox 1108 3897 1138 3930; x_wconf 82' lang='lat' dir='ltr'>oo</span> <span class='ocrx_word' id='word_1_346' title='bbox 1166 3879 1223 3930; x_wconf 84' lang='lat' dir='ltr'>miti</span> <span class='ocrx_word' id='word_1_347' title='bbox 1248 3877 1413 3931; x_wconf 76' lang='lat' dir='ltr'>ammonitione</span> <span class='ocrx_word' id='word_1_348' title='bbox 1462 3913 1463 3922; x_wconf 79' lang='lat'>.</span> 
     </span>
     <span class='ocr_line' id='line_1_40' title="bbox 317 3949 1463 4020; baseline 0.001 -20"><span class='ocrx_word' id='word_1_349' title='bbox 317 3949 474 4016; x_wconf 78' lang='lat' dir='ltr'>Arouipbus</span> <span class='ocrx_word' id='word_1_350' title='bbox 501 3957 652 4014; x_wconf 76' lang='lat' dir='ltr'>corrosorius,</span> <span class='ocrx_word' id='word_1_351' title='bbox 682 3951 768 4003; x_wconf 82' lang='lat' dir='ltr'>decem</span> <span class='ocrx_word' id='word_1_352' title='bbox 793 3958 817 4004; x_wconf 86' lang='lat' dir='ltr'>et</span> <span class='ocrx_word' id='word_1_353' title='bbox 842 3961 896 4004; x_wconf 86' lang='lat' dir='ltr'>octo</span> <span class='ocrx_word' id='word_1_354' title='bbox 920 3951 1048 4004; x_wconf 78' lang='lat' dir='ltr'>continuis</span> <span class='ocrx_word' id='word_1_355' title='bbox 1069 3951 1216 4014; x_wconf 69' lang='lat' dir='ltr'>mercibus,</span> <span class='ocrx_word' id='word_1_356' title='bbox 1249 3962 1278 4004; x_wconf 81' lang='lat' dir='ltr'>ut</span> <span class='ocrx_word' id='word_1_357' title='bbox 1302 3971 1318 4003; x_wconf 86' lang='lat' dir='ltr'>o</span> <span class='ocrx_word' id='word_1_358' title='bbox 1341 3954 1412 4014; x_wconf 77' lang='lat' dir='ltr'>coepto</span> <span class='ocrx_word' id='word_1_359' title='bbox 1462 4011 1463 4020; x_wconf 45' lang='lat'>,</span> 
     </span>
     <span class='ocr_line' id='line_1_41' title="bbox 309 4021 1412 4092; baseline -0.002 -18"><span class='ocrx_word' id='word_1_360' title='bbox 309 4025 408 4089; x_wconf 82' lang='lat' dir='ltr'>surore</span> <span class='ocrx_word' id='word_1_361' title='bbox 431 4021 565 4075; x_wconf 79' lang='lat' dir='ltr'>desisteret</span> <span class='ocrx_word' id='word_1_362' title='bbox 589 4041 666 4089; x_wconf 81' lang='lat' dir='ltr'>seque</span> <span class='ocrx_word' id='word_1_363' title='bbox 693 4042 711 4074; x_wconf 87' lang='lat' dir='ltr'>a</span> <span class='ocrx_word' id='word_1_364' title='bbox 734 4026 828 4077; x_wconf 84' lang='lat' dir='ltr'>scelere</span> <span class='ocrx_word' id='word_1_365' title='bbox 849 4025 1010 4092; x_wconf 77' lang='lat' dir='ltr'>proditionis</span> <span class='ocrx_word' id='word_1_366' title='bbox 1033 4032 1056 4078; x_wconf 82' lang='lat' dir='ltr'>et</span> <span class='ocrx_word' id='word_1_367' title='bbox 1074 4026 1237 4090; x_wconf 78' lang='lat' dir='ltr'>rebellionis,</span> <span class='ocrx_word' id='word_1_368' title='bbox 1256 4044 1305 4092; x_wconf 80' lang='lat' dir='ltr'>quo</span> <span class='ocrx_word' id='word_1_369' title='bbox 1323 4023 1412 4088; x_wconf 80' lang='lat' dir='ltr'>impote-</span> 
     </span>
     <span class='ocr_line' id='line_1_42' title="bbox 317 4095 1412 4166; baseline -0.005 -19"><span class='ocrx_word' id='word_1_370' title='bbox 317 4098 410 4160; x_wconf 80' lang='lat' dir='ltr'>batur,</span> <span class='ocrx_word' id='word_1_371' title='bbox 438 4095 596 4166; x_wconf 71' lang='lat' dir='ltr'>requieriter</span> <span class='ocrx_word' id='word_1_372' title='bbox 609 4107 754 4166; x_wconf 70' lang='lat' dir='ltr'>purpurat,</span> <span class='ocrx_word' id='word_1_373' title='bbox 779 4098 871 4150; x_wconf 79' lang='lat' dir='ltr'>noluit.</span> <span class='ocrx_word' id='word_1_374' title='bbox 910 4098 964 4151; x_wconf 83' lang='lat' dir='ltr'>Sed</span> <span class='ocrx_word' id='word_1_375' title='bbox 988 4117 1045 4150; x_wconf 84' lang='lat' dir='ltr'>cum</span> <span class='ocrx_word' id='word_1_376' title='bbox 1072 4117 1089 4149; x_wconf 87' lang='lat' dir='ltr'>a</span> <span class='ocrx_word' id='word_1_377' title='bbox 1107 4115 1134 4151; x_wconf 84' lang='lat' dir='ltr'>so</span> <span class='ocrx_word' id='word_1_378' title='bbox 1151 4101 1276 4165; x_wconf 82' lang='lat' dir='ltr'>fautores</span> <span class='ocrx_word' id='word_1_379' title='bbox 1302 4095 1412 4149; x_wconf 81' lang='lat' dir='ltr'>morimur</span> 
     </span>
     <span class='ocr_line' id='line_1_43' title="bbox 316 4163 1411 4240; baseline -0.001 -20"><span class='ocrx_word' id='word_1_380' title='bbox 316 4169 448 4236; x_wconf 76' lang='lat' dir='ltr'>aequitiae</span> <span class='ocrx_word' id='word_1_381' title='bbox 467 4186 532 4222; x_wconf 80' lang='lat' dir='ltr'>suae</span> <span class='ocrx_word' id='word_1_382' title='bbox 550 4169 683 4222; x_wconf 83' lang='lat' dir='ltr'>discedere</span> <span class='ocrx_word' id='word_1_383' title='bbox 701 4170 789 4233; x_wconf 80' lang='lat' dir='ltr'>sensit,</span> <span class='ocrx_word' id='word_1_384' title='bbox 809 4171 915 4224; x_wconf 85' lang='lat' dir='ltr'>territus</span> <span class='ocrx_word' id='word_1_385' title='bbox 934 4189 1021 4240; x_wconf 69' lang='lat' dir='ltr'>repom</span> <span class='ocrx_word' id='word_1_386' title='bbox 1034 4171 1102 4224; x_wconf 83' lang='lat' dir='ltr'>odiit</span> <span class='ocrx_word' id='word_1_387' title='bbox 1120 4172 1246 4239; x_wconf 78' lang='lat' dir='ltr'>novisque</span> <span class='ocrx_word' id='word_1_388' title='bbox 1259 4163 1411 4223; x_wconf 56' lang='lat' dir='ltr'>sacrementi?</span> 
     </span>
     <span class='ocr_line' id='line_1_44' title="bbox 318 4241 1411 4320; baseline -0.001 -26"><span class='ocrx_word' id='word_1_389' title='bbox 318 4259 349 4294; x_wconf 85' lang='lat' dir='ltr'>ao</span> <span class='ocrx_word' id='word_1_390' title='bbox 385 4241 460 4294; x_wconf 78' lang='lat' dir='ltr'>noris</span> <span class='ocrx_word' id='word_1_391' title='bbox 494 4261 583 4296; x_wconf 86' lang='lat' dir='ltr'>rerum</span> <span class='ocrx_word' id='word_1_392' title='bbox 615 4242 807 4296; x_wconf 78' lang='lat' dir='ltr'>conditionibus</span> <span class='ocrx_word' id='word_1_393' title='bbox 835 4243 924 4313; x_wconf 76' lang='lat' dir='ltr'>reqioe</span> <span class='ocrx_word' id='word_1_394' title='bbox 957 4263 1063 4298; x_wconf 79' lang='lat' dir='ltr'>mersos</span> <span class='ocrx_word' id='word_1_395' title='bbox 1092 4245 1230 4312; x_wconf 79' lang='lat' dir='ltr'>particeps</span> <span class='ocrx_word' id='word_1_396' title='bbox 1256 4248 1344 4312; x_wconf 82' lang='lat' dir='ltr'>fuctus</span> <span class='ocrx_word' id='word_1_397' title='bbox 1374 4246 1411 4320; x_wconf 68' lang='lat' dir='ltr'>erl·</span> 
     </span>
     <span class='ocr_line' id='line_1_45' title="bbox 317 4313 1412 4385; baseline 0.003 -18"><span class='ocrx_word' id='word_1_398' title='bbox 317 4313 350 4382; x_wconf 76' lang='lat'>2)</span> <span class='ocrx_word' id='word_1_399' title='bbox 368 4316 408 4367; x_wconf 85' lang='lat' dir='ltr'>cf.</span> <span class='ocrx_word' id='word_1_400' title='bbox 429 4317 569 4382; x_wconf 83' lang='lat' dir='ltr'>epistolam</span> <span class='ocrx_word' id='word_1_401' title='bbox 586 4317 605 4367; x_wconf 91' lang='lat' dir='ltr'>l.</span> <span class='ocrx_word' id='word_1_402' title='bbox 623 4318 651 4382; x_wconf 94' lang='lat' dir='ltr'>l.,</span> <span class='ocrx_word' id='word_1_403' title='bbox 667 4334 720 4384; x_wconf 85' lang='lat' dir='ltr'>que</span> <span class='ocrx_word' id='word_1_404' title='bbox 738 4325 806 4371; x_wconf 89' lang='lat' dir='ltr'>teste</span> <span class='ocrx_word' id='word_1_405' title='bbox 825 4335 885 4370; x_wconf 86' lang='lat' dir='ltr'>moro</span> <span class='ocrx_word' id='word_1_406' title='bbox 903 4318 1006 4370; x_wconf 83' lang='lat' dir='ltr'>redieris</span> <span class='ocrx_word' id='word_1_407' title='bbox 1018 4319 1101 4385; x_wconf 78' lang='lat' dir='ltr'>fidem</span> <span class='ocrx_word' id='word_1_408' title='bbox 1113 4317 1412 4377; x_wconf 60' lang='lat' dir='ltr'>sacramentariorum</span> 
     </span>
     <span class='ocr_line' id='line_1_46' title="bbox 317 4386 1047 4458; baseline 0.01 -21"><span class='ocrx_word' id='word_1_409' title='bbox 317 4386 508 4439; x_wconf 72' lang='lat' dir='ltr'>conditionibus</span> <span class='ocrx_word' id='word_1_410' title='bbox 527 4407 581 4440; x_wconf 80' lang='lat' dir='ltr'>orori</span> <span class='ocrx_word' id='word_1_411' title='bbox 599 4391 721 4442; x_wconf 82' lang='lat' dir='ltr'>servatis.</span> <span class='ocrx_word' id='word_1_412' title='bbox 796 4391 825 4458; x_wconf 83' lang='grc'>3)</span> <span class='ocrx_word' id='word_1_413' title='bbox 844 4392 902 4444; x_wconf 90' lang='lat' dir='ltr'>scil.</span> <span class='ocrx_word' id='word_1_414' title='bbox 923 4393 1047 4444; x_wconf 81' lang='lat' dir='ltr'>Karolus.</span> 
     </span>
    </p>
   </div>
   <div class='ocr_carea' id='block_1_7' title="bbox 0 0 1472 5010">
    <p class='ocr_par' dir='ltr' id='par_1_7' title="bbox 0 0 1472 5010">
     <span class='ocr_line' id='line_1_47' title="bbox 0 0 1472 5010; baseline 0 0"><span class='ocrx_word' id='word_1_415' title='bbox 0 0 1472 5010; x_wconf 95' lang='lat' dir='ltr'> </span> 
     </span>
    </p>
   </div>
  </div>
 </body>
</html>
