2936 5010
319 405 371 458 118
563 401 717 455 RIOHERI
735 403 987 456 maroalnaUM
1005 402 1117 456 LIBER
1135 404 1187 456 111.

257 569 498 639 emundabant.
547 570 650 658 Igitur
683 567 831 636 Conrado
863 569 1133 636 Alemannorum¹
1165 572 1236 658 regi
1263 570 1418 658 epistolem

317 656 436 744 legavit
455 655 541 720 huno
562 653 693 720 modum
715 652 901 720 habentem:
924 653 1102 720 ‘Lotharius
1116 656 1313 721 Francorum
1326 657 1418 742 gratia

316 741 381 807 Dei
401 762 461 806 rex
482 738 649 805 Conrado·
671 737 922 804 Alamannorum
950 740 1019 826 regi
1049 739 1203 826 quicquid
1232 739 1302 804 sibi.
1341 742 1417 804 Ami-

319 825 432 890 oiciam
460 824 620 890 internos
642 845 663 888 a
683 821 782 888 multo
810 833 954 910 tempore
981 824 1185 890 constitutam
1206 822 1418 890 inviolabiliter

319 929 508 974 conservare
539 929 666 994 semper
687 906 767 972 mihi
787 917 915 994 grabmr
935 908 1005 973 fuit
1050 907 1150 974 Cuius
1170 907 1292 974 fructus
1318 929 1418 972 cuma

317 1015 369 1058 me
390 956 559 1079 multiplex
580 993 669 1058 exire
689 990 780 1056 valea
824 990 899 1056 utile
918 992 996 1058 duxi
1034 991 1165 1056 uiddam
1178 991 1272 1058 vobis
1286 991 1417 1056 indicare

205 1092 242 1150 ’μ
258 1087 349 1144 erret
370 1077 411 1142 ad
432 1087 542 1142 votum
564 1075 643 1140 mihi
663 1075 733 1141 fieri
755 1001 828 1140 *ill
850 1085 969 1162 petere.
1035 1098 1174 1162 ugonem
1195 1075 1311 1142 ducem
1325 1076 1417 1140 sciatis

317 1183 368 1226 me
389 1160 542 1226 hactenus
570 1181 629 1246 pro
657 1159 761 1224 amico
782 1158 942 1226 habuisse.
986 1159 1160 1260 Comperto
1181 1182 1258 1226 vero
1281 1159 1364 1246 quod
1381 1158 1418 1222 la

317 1253 421 1312 tenter
440 1244 539 1310 hostis
560 1243 639 1308 mihi
660 1253 752 1327 esset,
774 1244 815 1310 ab
837 1245 906 1310 eius
927 1243 1141 1309 familiamtate
1162 1267 1214 1310 me
1227 1246 1418 1309 remotiorem

317 1329 388 1396 feci.
430 1328 526 1394 Unde
554 1349 640 1394 nunc
668 1327 804 1392 Romam
829 1330 898 1393 iens
936 1329 1087 1395 Ottonem
1107 1328 1196 1412 adiit,
1218 1329 1252 1392 in
1273 1330 1335 1394 mei
1355 1349 1418 1391 con-

317 1411 481 1480 tumeliam
507 1413 660 1500 regnique
688 1411 793 1480 labem
822 1414 852 1478 si
878 1377 1052 1498 plurimum
1076 1434 1298 1512 persuasurus.
1345 1412 1419 1492 Qua

341 1507 449 1584 ropter
481 1518 606 1562 summa
638 1518 709 1583 ope,
742 1519 866 1562 summo
895 1497 1023 1582 ingenio
1052 1497 1204 1578 urimini,
1238 1519 1278 1563 ne
1307 1495 1418 1562 evadat.

317 1519 434 1646 lale’c.
491 1579 720 1668 Exploratores
756 1582 864 1668 itaque
901 1581 1150 1679 circumquaque
1183 1579 1329 1667 dispositi
1369 1602 1419 1664 per

318 1675 471 1814 pperupltla
497 1666 663 1813 montiumb
679 1663 958 1814 etmsrcopulorum,
991 1687 1050 1752 per
1075 1686 1199 1730 marum
1222 1665 1326 1730 exitus
1361 1665 1420 1728 eius

317 1769 422 1814 aven
458 1771 491 1812 m
512 1769 642 1836 opperre
665 1769 707 1812 an
760 1798 767 1813 .

423 1886 473 1950 87.
515 1887 597 1951 Item
619 1885 753 1974 epistola
773 1886 931 1953 Emmaetl
952 1888 1081 1974 reginae
1103 1885 1145 1951 ad
1164 1887 1327 1952 matremd.

402 1987 471 2052 Nec
497 1989 601 2052 minus
628 1987 746 2054 Emma
774 2011 808 2054 re
832 1989 885 2053 ina
912 1989 1007 2054 matri
1036 2011 1112 2054 suaa
1140 1989 1175 2053 in
1195 1987 1281 2054 hunc
1302 1985 1420 2052 modum

319 2071 487 2158 epistolam
516 2072 645 2138 direxit:
676 2071 800 2138 ‘Adelai
826 2075 832 2088 “
863 2074 973 2156 matri,
1001 2073 1046 2136 im
1070 2073 1197 2137 eratn'ci
1226 2093 1348 2160 semper
1373 2092 1420 2133 au-

318 2165 450 2242 gustas,
481 2155 598 2221 Elnma
629 2157 826 2222 Francorum
861 2158 973 2242 regina
1008 2179 1023 2222 s
1055 2165 1151 2221 utem.
1208 2156 1299 2222 Licet
1331 2152 1419 2219 multo
1457 2217 1458 2224 ,

318 2250 473 2306 terrarum
494 2241 663 2307 interstitio
686 2251 823 2324 semota,
853 2242 1002 2306 tamena
1022 2249 1123 2306 matre
1144 2239 1257 2305 auxilii
1278 2241 1420 2304 rationem

318 2323 384 2388 filia
404 2333 489 2411 peto.
532 2325 628 2412 Hugo
659 2324 727 2390 dux
748 2325 870 2391 insidiis
891 2347 957 2390 non
978 2323 1080 2390 solum
1109 2326 1201 2410 regni
1226 2325 1325 2390 nostri
1342 2323 1419 2474 grin-

319 2410 407 2494 cipes
429 2432 449 2474 a
469 2420 578 2476 nostra
597 2408 749 2476 fidelitate
770 2409 903 2492 amovit,
933 2409 989 2474 sed
1010 2418 1042 2474 et
1063 2409 1194 2474 fratrem
1216 2429 1322 2473 meum
1372 2416 1419 2472 tto-

319 2515 394 2556 nem
414 2515 435 2556 a
454 2495 547 2559 nobis
570 2503 701 2558 conatur
726 2504 885 2576 avertere3
912 2491 998 2557 unde
1020 2501 1051 2558 et
1071 2493 1208 2557 Romam
1235 2491 1324 2556 illum
1344 2491 1419 2555 adiit.

320 2575 369 2640 Nc
391 2598 467 2662 ergo
489 2578 616 2662 penitus
638 2579 688 2642 sui
708 2578 774 2642 voti
796 2599 926 2663 compos
941 2576 1103 2664 glorietur,
1125 2587 1199 2663 peto
1216 2575 1352 2663 supplex
1365 2573 1419 2638 filia

321 2669 470 2742 matrem,
503 2670 538 2724 ut
565 2662 599 2724 in
626 2661 812 2726 revertendo
842 2671 949 2727 tantus
977 2661 1077 2728 hostis
1106 2659 1315 2747 impediatur3
1344 2668 1374 2725 et
1398 2656 1419 2720 si

320 2741 390 2806 fieri
418 2752 538 2828 potest,
566 2753 621 2808 aut
649 2755 761 2831 ceptus
788 2755 946 2828 teneatur,
975 2753 1030 2809 aut
1055 2747 1101 2809 im
1125 2746 1196 2810 unis
1225 2767 1290 2810 non
1314 2743 1418 2808 redeat.

322 2825 388 2891 Sed
416 2849 456 2892 ne
484 2849 541 2892 vos
567 2828 633 2892 suis
661 2827 741 2894 dolis
771 2830 998 2928 tergiversator
1030 2852 1069 2894 ev
1113 2839 1155 2912 at,
1188 2830 1286 2894 totius
1313 2828 1418 2892 formae

320 2908 404 2974 illius
431 2909 657 2998 inseparabilia
683 2913 862 2978 accidentra
890 2912 982 2978 vobis
1007 2913 1150 2978 indicare
1172 2915 1300 2978 curavi’.
1341 2911 1419 2976 Tunc

320 3002 491 3080 prosecuta
520 2994 700 3080 oculorum,
729 2998 872 3080 aurium,
898 2995 1065 3079 labiorum,
1087 2997 1231 3063 dentium
1253 3001 1419 3084 quoquest

319 3078 399 3160 nasi,
421 3099 545 3144 necnon
566 3089 598 3145 et
617 3079 811 3168 reliquarum
834 3082 975 3168 corporis
996 3082 1134 3167 partium
1155 3079 1342 3164 accidentia,
1361 3098 1417 3143 ver-

320 3159 435 3227 borum
456 3185 583 3250 quoque
603 3172 745 3230 tenorem
767 3165 813 3230 sio
834 3165 978 3251 ignotum
999 3164 1181 3247 declaravit,
1203 3175 1239 3230 ut
1263 3164 1312 3230 his
1334 3161 1417 3249 signis

320 3245 483 3333 detegeret
502 3259 598 3335 atque
619 3248 839 3335 ignorantibus
861 3248 1025 3315 indicaret.
1454 3255 1455 3290 i

455 3386 504 3452 88.
547 3386 645 3472 Hugo
666 3387 840 3452 inmutato⁰
862 3386 992 3452 habitu⁶
1013 3386 1144 3452 insidias
1166 3386 1301 3457 evaditr.

403 3488 482 3552 Dux
503 3487 618 3553 horum
638 3489 722 3554 nonr
742 3490 878 3570 nescius,
899 3488 1037 3554 reditum
1052 3488 1237 3554 accelerata
1278 3489 1417 3572 Dolisque

320 3579 530 3717 premetuens,
550 3583 673 3636 vestem
694 3581 796 3637 mutat
816 3596 948 3673 seseque
968 3595 1068 3674 unum
1089 3573 1129 3638 de
1152 3571 1318 3673 clientibus
1338 3572 1417 3636 simu·
1453 3633 1454 3638 ,

332 3664 374 3718 at.
417 3654 528 3739 Equos
550 3655 802 3722 oneraferentes
824 3681 893 3744 1pse
915 3667 1116 3744 regnatque
1137 3667 1290 3742 exag1tat
1326 3655 1417 3721 Onera

320 3737 458 3822 imponit
489 3748 520 3802 et
552 3739 698 3824 deponit,
735 3741 883 3806 omnibus
916 3763 950 3806 se
983 3743 1175 3807 serviturum
1204 3737 1416 3806 accommodat.

320 3820 486 3906 Tantaque
507 3821 662 3888 industria
676 3824 709 3886 in
723 3824 847 3890 abiecta
861 3836 949 3890 veste
965 3832 996 3890 et
1010 3823 1128 3890 inculto
1143 3823 1254 3890 habitu
1269 3849 1302 3891 se
1318 3824 1416 3888 ducem

379 4000 402 4054 a)
419 4001 541 4044 (tentando
557 4014 574 4044 a.
619 4002 643 4055 b)
656 4009 707 4054 port
722 4005 771 4045 add.
826 3988 969 4058 c)VA1'1'.e.
1022 4005 1045 4058 d)
1062 4017 1145 4058 minas,
1161 4011 1221 4048 trem
1236 4008 1292 4048 abre.
1348 4004 1366 4056 e)
1379 4011 1416 4048 mur

320 4073 343 4114 u,
359 4073 389 4102 rs
411 4063 467 4104 abac.
556 4061 642 4114 QDux
665 4065 688 4106 h.
711 4075 773 4105 neec.
795 4077 851 4106 corr.
889 4067 943 4106 Dux
959 4067 1014 4107 ltcet
1029 4066 1051 4107 h.
1068 4077 1100 4118 n.,
1123 4077 1179 4107 corr.
1216 4068 1270 4108 Dux
1293 4067 1315 4108 h.
1336 4074 1378 4106 non
1396 4070 1410 4098 n

320 4120 344 4173 c)
361 4122 507 4162 accelerabat
528 4123 549 4163 1.

395 4232 423 4301 1)
442 4237 460 4286 i.
488 4251 512 4286 e.
533 4236 766 4301 Burgundionum
794 4237 827 4288 cf.
847 4237 952 4301 Waltz,
978 4238 1012 4288 D.
1032 4239 1100 4290 VG.
1125 4239 1188 4306 VII,
1216 4257 1243 4307 p.
1270 4240 1321 4289 104
1342 4253 1365 4287 n.
1387 4256 1415 4268 -

319 4307 395 4370 Quae
413 4308 543 4361 Richerus
561 4315 651 4360 narrat
670 4310 767 4362 dubiae
786 4308 850 4361 fidei
871 4325 939 4376 esse,
958 4311 1012 4363 iam
1026 4311 1202 4364 Giesebrecht
1214 4314 1330 4375 monuit,
1347 4305 1416 4360 Jahr-

319 4380 422 4430 biicher
440 4381 479 4442 ΙΙ,
500 4383 524 4444 1,
543 4399 570 4448 p,
592 4383 643 4433 177
663 4399 722 4449 sqq.
