2938 5016
308 401 341 450 62
563 399 718 452 monum
735 399 991 453 msuonlnrtun
1009 399 1122 453 menn
1140 401 1180 454 11.

351 567 405 633 45.
437 567 517 632 Dux
539 567 629 654 regi¹¹
651 589 710 655 per
729 565 852 716 legaslps
873 567 1017 716 sgrzdev,
1038 577 1075 634 ut
1095 569 1159 634 ab*
1181 566 1352 634 obsidione·

825 673 878 717 soe
901 672 944 716 a.

245 783 296 827 ms.
391 770 472 837 Dux
503 791 643 860 namque
672 771 706 836 in
733 773 805 860 ipsa
834 768 1000 836 obsidione
1027 792 1086 856 per
1114 769 1236 858 legatos
1257 771 1346 858 petiit,
1371 779 1409 836 ut

308 853 512 942 Regenaldus
542 877 659 938 comes,
688 855 823 982 sumptis
845 876 865 920 a
886 877 956 922 sese
978 853 1155 939 obsidibus,
1175 855 1330 955 locuturus
1350 851 1409 918 sibi

308 949 465 1008 occurrat.
510 939 607 1022 Quod
629 949 661 1005 et
681 938 751 1004 lien
795 938 837 1004 ab
859 961 935 1026 rege
963 960 1151 1006 conoessum
1173 948 1231 1006 est.
1271 940 1408 1005 Dnectus

306 1025 415 1114 itaque
437 1023 497 1090 sub
520 1021 669 1090 obsidum
689 1023 759 1090 iure
781 1022 823 1088 ad
845 1021 960 1088 ducem
981 1023 1078 1090 venit.
1121 1024 1221 1111 Apud
1241 1045 1331 1111 quem
1346 1022 1410 1088 dux

307 1109 362 1176 diu
384 1107 576 1208 deliberans,
604 1105 734 1174 undem
756 1107 833 1208 agit,
866 1116 902 1172 ut
922 1129 981 1174 rex
996 1107 1044 1206 'ab
1066 1107 1218 1206 episcopo
1240 1118 1272 1174 et
1291 1107 1411 1206 urbanis

307 1191 435 1260 obsides
457 1213 630 1280 noerprens,
652 1189 693 1256 ab
715 1190 804 1258 urbis
829 1199 1067 1340 oppiugnatrcne
1089 1190 1244 1292 dncedct,
1266 1201 1410 1292 quotanus,

307 1273 1245 1446 quittttttttttfflltgttdt‘adstitit
1267 1287 1410 1426 titt

304 1384 344 1512 bb
377 1443 545 1510 consilium
574 1441 768 1532 approbans,
798 1442 832 1508 id
861 1443 930 1510 fieri
959 1441 1125 1510 suadebat.
1180 1443 1209 1510 Ο
1236 1384 1411 1530 sillibusque

305 1531 444 1680 surtirptig
464 1529 599 1628 idoneis,
612 1549 685 1656 fix
715 1526 915 1676 obsiiliionirg
946 1527 1076 1678 lpide
1089 1526 1216 1678 ffivit,l
1234 1537 1356 1678 temprps
1373 1549 1412 1626 ue

304 1621 666 1763 iblnilndibeoldrilsliiliit.
682 1620 793 1760 posiliit
808 1633 844 1760 dd
865 1716 884 1760 o
904 1633 1413 1780 iddnrdsduratilfdlidllabendl

306 1779 458 1866 colloquii
479 1780 617 1846 advenit
669 1778 713 1844 Et
740 1779 809 1844 dux
837 1717 877 1846 de
906 1781 1070 1866 superiore
1095 1781 1224 1866 negotio
1250 1780 1414 1858 locuturus,

306 1862 422 1930 obvius
444 1865 514 1950 regi
535 1863 636 1928 affuit
669 1861 865 1929 Declamatio
886 1873 994 1930 autem
1015 1886 1127 1930 eorum
1149 1865 1264 1948 musis,
1282 1865 1339 1930 vix
1358 1861 1415 1928 sibi

305 1947 556 2014 consentiebant.
598 1947 854 2035 Rationibusque
883 1969 948 2014 non
975 1951 1053 2014 satis
1080 1947 1199 2016 utiliter
1224 1948 1415 2036 procedenti·

306 2033 377 2115 bus,
397 2029 476 2096 nihil
495 2033 570 2118 paci
592 2030 797 2096 commodum
819 2032 1025 2098 constitutum
1048 2043 1105 2132 est,
1126 2043 1233 2118 preter
1277 2032 1342 2098 uod
1360 2031 1415 2098 sub

304 2137 385 2204 poce
406 2125 571 2204 sequestra
592 2137 695 2204 usque
716 2114 759 2180 cd
780 2115 923 2182 medium
938 2113 1079 2202 August
1092 2118 1250 2183 rationem
1288 2115 1415 2184 'stidore

413 2255 464 2324 46.
498 2253 615 2324 Obitus
636 2253 852 2324 Theotilonis⁰
875 2255 1132 2321 Turonensium⁶
1153 2257 1309 2344 episcopi.

389 2377 461 2458 Quo
482 2385 626 2464 tempore
648 2399 723 2442 oum
741 2375 874 2442 beataer
891 2376 1067 2442 memoriae
1081 2374 1227 2442 Theotilo
1243 2376 1415 2442 Turonioae

303 2459 392 2526 urbis
421 2460 529 2546 presul
558 2461 599 2526 de
626 2459 811 2528 renovanda
839 2461 922 2526 inter
953 2460 1115 2546 principes
1141 2479 1221 2546 pace
1251 2462 1414 2526 vehemen-

303 2545 425 2610 tissime
448 2553 592 2626 certaret,
614 2555 710 2630 atque
732 2544 781 2609 bis
803 2543 978 2609 admodum
1001 2553 1176 2630 occupatus
1201 2543 1317 2611 studiis
1337 2544 1414 2608 Lau-

304 2627 390 2693 duno
422 2627 608 2710 discederet,
641 2627 895 2726 peripleumonia
926 2629 959 2692 in
991 2629 1061 2692 iso
1094 2629 1207 2694 itinere
1239 2629 1414 2716 corripitur.

304 2711 396 2792 Quae
418 2732 492 2775 eum
509 2709 719 2810 pulmcmbus
741 2723 899 2778 tumorem
925 2733 964 2776 ao
990 2650 1149 2778 ldrvorem
1175 2713 1342 2796 incuteret,
1366 2712 1415 2776 die

304 2804 417 2882 quarta
451 2803 519 2858 natr
551 2796 655 2861 morbi
686 2797 747 2860 hae
779 2798 846 2862 vita
876 2796 1036 2883 migravit.
1080 2794 1227 2883 Cumque
1253 2795 1357 2862 adhuc
1383 2796 1416 2860 in

302 2879 406 2944 noctis
432 2886 590 2965 tempesta
618 2879 767 2979 spiritum
795 2879 926 2964 efflaret,
957 2901 1036 2946 mox
1061 2877 1190 2946 luminis
1218 2879 1333 2967 globus
1360 2901 1417 2979 per

303 2983 387 3046 aera,
410 2970 446 3026 ut
459 2960 567 3046 fertur,
590 2985 739 3048 emreans,
762 2962 970 3062 vigilantibus
984 2965 1072 3030 visus
1091 2974 1148 3030 est.
1182 2962 1286 3030 Cuius
1300 2964 1415 3028 lumme

303 3046 346 3111 ad
366 3047 468 3112 noctis
490 3045 694 3134 depellendas
717 3047 869 3134 caligrnes
891 3048 1086 3114 sufficienter
1106 3049 1166 3132 usi,
1189 3050 1245 3136 qui
1261 3051 1330 3114 eius
1351 3069 1416 3112 eor-

325 3152 364 3196 us
397 3131 544 3198 exanime
577 3129 770 3216 deferebant,
803 3153 862 3218 per
896 3132 956 3196 150
987 3130 1143 3196 miliaria²
1175 3153 1278 3220 usque
1306 3133 1416 3198 urbem

303 3152 498 3280 lumniam
520 3216 616 3280 huius
636 3215 717 3281 lucis
732 3214 886 3281 solamine
901 3236 1017 3302 eorpus
1031 3217 1252 3282 beatissimum
1267 3215 1415 3292 detulere,

302 3300 337 3364 in
365 3298 498 3366 basilios
525 3301 627 3365 saneti
655 3299 772 3366 Iuliani
800 3299 949 3384 martiris,
983 3299 1070 3388 quod
1098 3299 1185 3364 idem
1210 3301 1262 3367 vir
1289 3309 1415 3365 sanctus

303 3406 429 3450 summa
448 3385 645 3450 instruxerat
665 3383 828 3472 religione,
851 3382 952 3449 multa
972 3385 1150 3450 reverentia
1172 3383 1379 3472 deponentes.

183 3557 222 3615 ,μ’
239 3563 289 3608 Μ
534 3523 597 3589 nt.
631 3521 749 3608 Captio
771 3523 877 3608 regies
898 3544 918 3587 a
939 3521 1177 3588 Nortmaunisss.

387 3639 459 3720 Quo
489 3638 623 3726 sepulto,
656 3663 730 3708 oum
762 3641 868 3708 adhue
896 3643 979 3708 inter
1004 3665 1114 3742 regem
1143 3642 1323 3730 ducemque
1377 3662 1416 3707 ax

301 3719 389 3786 nullu
410 3724 589 3808 composita
611 3735 695 3790 esset
715 3736 811 3815 atque
833 3749 892 3792 rex
921 3727 1012 3792 dolos
1034 3725 1255 3793 ermulatorum
1276 3666 1416 3792 nondum

301 3802 525 3903 perpenderet,
546 3805 678 3874 Erluino
695 3811 826 3911 suisque
840 3809 910 3876 aliis
925 3813 1072 3902 sumptis,
1091 3809 1296 3876 Rhodomum
1309 3811 1416 3890 rediit3

301 3887 347 3954 ml
367 3889 488 3960 veritus
510 3911 584 3956 oum
605 3893 716 3979 paucis
737 3893 802 3960 illro
821 3895 994 3978 immorari,
1017 3917 1091 3960 oum
1105 3894 1192 3960 idem
1206 3896 1416 3962 consueverit.

360 4088 383 4144 ιι)
400 4090 445 4143 εει,
461 4101 495 4144 ιιι,
511 4091 548 4145 ιι),
565 4103 595 4135 ne
609 4093 667 4138 otro.
727 4091 751 4147 b)
764 4083 815 4136 'fact
829 4093 869 4136 dcl.
930 4092 952 4148 o)
968 4098 1073 4146 tompore
1089 4096 1167 4146 quand
1181 4095 1223 4137 det.
1283 4092 1308 4148 d)
1324 4106 1346 4138 a.
1361 4107 1380 4138 r.
1395 4093 1416 4133 ιἰι

301 4161 383 4202 marm
399 4150 432 4192 stt
446 4149 503 4193 abac.
564 4149 587 4206 s>
603 4163 624 4206 e,
640 4153 661 4193 st
675 4152 732 4196 abac.
792 4150 850 4205 ob.
867 4163 898 4196 ιιι.
914 4165 932 4196 o.
995 4152 1019 4208 κ)
1035 4165 1070 4208 rs,
1085 4159 1106 4197 rt
1121 4155 1177 4196 otro.

376 4302 405 4371 1)
424 4305 496 4360 cirea
513 4308 621 4362 mirsam
639 4307 726 4363 suncti
747 4308 879 4363 Iohannis
902 4309 982 4364 Plod.
1063 4311 1093 4381 2)
1113 4311 1282 4366 Flodourdus
1301 4311 1415 4367 ducents

300 4377 357 4430 fere
376 4378 451 4430 milia
468 4381 571 4434 scribit.
