2936 5010
263 595 313 638 979.

204 1531 243 1586 'p.
261 1536 311 1578 616.

323 408 357 460 98
584 408 736 460 mulsam
755 407 1009 460 HISTORIARUM
1028 407 1139 460 LIBER
1157 408 1209 458 111.

573 575 624 640 36.
659 574 829 641 Secunda·
850 573 995 661 primatis
1017 573 1185 640 obiectio&

408 677 593 765 Rursusque
614 679 735 764 primas
755 677 925 743 exorsusb:
949 676 1092 760 ‘Adhuc’,
1114 677 1226 764 inquit,
1248 682 1361 740 ‘nostro
1382 696 1423 738 or·

325 763 391 827 drm
412 763 541 826 mimica
562 762 731 849 proferam.
775 761 814 825 In
836 781 899 847 quo
922 761 1052 847 quidam
1073 761 1289 842 dinoscuntur,
1319 757 1423 845 quibus

324 867 393 910 mos
420 844 565 928 inolevit,
593 857 629 911 ut
656 845 715 912 soli
743 845 984 910 amonasteriis
1014 846 1246 932 egrediantur0,
1272 843 1330 909 soli
1356 843 1423 906 foris

323 929 409 994 nullo
432 930 482 994 sui
504 932 609 1017 operis
625 941 704 996 teste
719 939 877 1010 maneant,
900 939 932 994 et
950 929 1036 1016 quod
1050 931 1227 1017 pessimum
1242 939 1299 1011 est,
1314 928 1424 1012 absque

322 1013 455 1080 fratrum
477 1014 699 1080 benedictione
721 1015 774 1079 et‘l
796 1023 913 1078 exeant
941 1023 973 1078 et
1001 1014 1068 1079 sine
1089 1035 1128 1078 ea
1154 1014 1295 1080 redeant.
1340 1011 1424 1076 Unde

323 1120 387 1164 non
409 1096 544 1163 dubium
566 1108 623 1182 est,
646 1121 700 1164 eos
721 1097 846 1162 facilius
892 1119 963 1164 osse
984 1096 1059 1182 falli,
1088 1120 1168 1184 quos
1190 1099 1324 1162 fratrum
1346 1118 1423 1159 oran-

323 1184 402 1248 tium
423 1181 603 1248 benedictio
625 1205 689 1247 non
711 1183 841 1246 muniit
868 1121 954 1246 lude
976 1193 1034 1264 est,
1056 1183 1142 1269 quod
1161 1181 1326 1310 turqritudo
1340 1181 1423 1262 vitae,

1179 1289 1199 1330 a

323 1289 448 1332 morum
469 1267 633 1353 pravitas',
654 1287 712 1354 pro
737 1267 857 1330 rietatis
878 1265 1037 1353 peculium
1065 1265 1157 1331 nobis
1244 1265 1423 1330 calumnian-

322 1352 430 1416 tibusd
451 1349 666 1416 intenduntur.
742 1350 803 1414 nde
819 1351 915 1414 etiam
930 1373 1059 1416 necesse
1074 1361 1132 1434 est,
1153 1351 1252 1415 uthis
1269 1349 1423 1414 calumniis

323 1435 513 1520 subdamur,
537 1457 608 1500 omn
628 1433 800 1522 repulsioni
820 1433 1044 1500 testeshabera
1059 1457 1123 1500 non
1141 1437 1312 1522 possimus.
1343 1434 1424 1496 Hoc!

324 1523 336 1550 *
367 1541 472 1606 uoque
499 1529 604 1586 vestra
631 1541 764 1584 censura
815 1518 979 1584 rohibeat'.
1024 1518 1162 1584 Sinodus
1192 1519 1314 1584 dixit‘l:
1350 1519 1423 1581 ‘Pro-

323 1603 356 1668 hi
381 1607 489 1669 eatur'.
543 1604 586 1668 Et
614 1541 829 1668 memorabilis
862 1603 1138 1690 metropolitanus:
1175 1603 1257 1667 ‘Hoc
1290 1603 1423 1690 quoque,

324 1689 437 1774 inquit,
459 1695 577 1753 ‘nostra
599 1687 808 1752 auctoritateh
831 1686 1054 1774 prohibemus'.

589 1809 639 1872 37.
672 1807 796 1872 Tertiai
818 1809 964 1895 primatis
985 1807 1172 1895 indignatio.

407 1909 466 1974 His
490 1931 616 1996 quoque
642 1911 761 1997 primas
790 1909 852 1974 alia
880 1909 1072 1997 adiungens:
1110 1911 1298 1992 ‘Quoniam’‚
1322 1908 1422 1987 inuit,

322 1993 373 2058 ‘de
404 1995 490 2058 vitiis
526 1995 626 2059 nostri
656 1994 775 2058 ordinis
805 1994 912 2059 dicere
944 1995 1050 2081 coepi,
1081 1993 1160 2058 nihil
1191 1930 1422 2080 relinquendum

345 2079 449 2160 utavi,
470 2079 575 2143 uthis
603 2080 717 2143 amotis
746 2077 857 2164 religio
887 2087 996 2142 nostra
1016 2079 1082 2142 acsi
1105 2077 1266 2144 enubilata
1286 2077 1422 2142 reluceat.

322 2102 405 2230 bunt
426 2164 520 2244 enim,
543 2164 683 2250 inquam,
705 2165 806 2227 nostri
828 2161 947 2226 ordinis
969 2163 1110 2249 quidam,
1133 2162 1356 2248 quibuscurae
1374 2169 1422 2240 est,

321 2247 417 2336 pillea
438 2249 541 2312 aurita
562 2249 660 2334 capiti
681 2247 846 2312 manifeste
868 2247 912 2309 im
939 2267 1033 2310 onere
1058 2245 1221 2334 pellesque
1248 2245 1423 2345 peregrinas

344 2331 416 2398 illeo
438 2331 576 2418 regulari
598 2353 784 2418 preponere,
811 2353 870 2416 pro
897 2268 1041 2396 abiectae
1062 2332 1161 2395 vestis
1190 2329 1301 2394 bab1tu
1329 2339 1423 2394 vestes

320 2357 511 2482 lbutissimas
532 2416 692 2480 induere*.
736 2414 819 2478 Nam
840 2415 965 2478 tunicas
984 2415 1093 2514 magni
1116 2425 1239 2502 emptas
1258 2413 1422 2513 plurimum

323 2501 463 2600 cupiunt,
487 2521 565 2585 quas
588 2503 633 2564 sic
654 2499 695 2563 ab
718 2509 853 2585 utroque
879 2497 977 2564 latere
1000 2509 1077 2563 strm
1102 2509 1160 2562 unt
1180 2501 1378 2585 mauroisque
1398 2506 1424 2559 et

321 2587 399 2670 girrs
420 2581 638 2648 diffluentibus
660 2583 850 2666 diffundunt,
872 2593 908 2647 ut
929 2584 1039 2648 artatis
1061 2521 1208 2649 clunibus
1228 2593 1259 2648 et
1273 2582 1422 2668 protensis

322 2669 448 2815 nalqibus
482 2667 587 2752 potius
621 2666 830 2732 meretriculis
864 2688 959 2754 quam
991 2668 1155 2732 monachis
1184 2691 1204 2731 a
1232 2677 1324 2753 tergo
1356 2664 1422 2730 assi-

321 2753 363 2816 m'
378 2749 487 2817 entur’.

534 2834 584 2899 38.
617 2835 691 2902 Del
713 2833 896 2922 superfluok
917 2835 1078 2900 vestiuml
1101 2835 1215 2901 colore.

406 2936 504 3017 ‘Quid
514 2959 590 3002 vero
605 2937 645 3002 de
660 2938 765 3004 colore
779 2937 941 3002 vestium?
962 2938 1056 3003 Unde
1071 2947 1193 3003 tautum
1208 2937 1334 3038 decepti
1347 2943 1420 3014 sunt,

321 3029 358 3086 ut
379 3021 541 3106 dignitatis
566 3023 679 3086 merita
707 3020 868 3088 coloribus
897 3032 1090 3108 comparent.
1133 3022 1217 3086 Nam
1238 3023 1300 3086 nisr
1321 3021 1422 3086 tunica

321 3105 413 3190 nigro
436 3103 540 3170 colore
562 3105 698 3187 deceat¹‚
722 3128 759 3170 ea
780 3105 870 3170 indui
891 3105 978 3171 nullo
1000 3107 1096 3170 modo
1117 3105 1233 3192 placet.
1288 3103 1420 3188 Quodsi

321 3191 417 3254 etiam
438 3190 529 3275 nigro
552 3188 643 3254 albus
665 3189 801 3254 laneficii
824 3211 919 3275 opere
941 3191 1141 3255 intermixtus
1164 3192 1213 3273 sit,
1236 3191 1287 3254 hic
1305 3211 1364 3276 quo
1386 3207 1420 3248 ue

320 3273 391 3339 talis
412 3283 533 3339 vestem
555 3273 714 3340 abiectam
735 3273 820 3339 facit.
867 3273 988 3339 Fulvus
1018 3295 1145 3374 quoque
1173 3275 1319 3340 abicitur.
1360 3211 1419 3336 llec

320 3361 425 3424 minus
454 3359 546 3443 niger
573 3361 699 3424 nativus
726 3379 791 3422 non
817 3357 944 3442 sufficit,
972 3360 1035 3422 nisi
1062 3361 1157 3424 etiam
1186 3360 1340 3424 corticum
1360 3354 1420 3420 infi-

320 3445 421 3509 ciatur
442 3443 535 3508 sucis.
578 3443 685 3529 Atque
707 3443 786 3508 hacc
809 3442 848 3508 de
870 3441 1032 3507 vestibus’.

487 3561 537 3626 39.
570 3561 650 3626 Dem
674 3561 982 3627 calciamentorum¹n
1005 3561 1222 3648 superfluitate
1231 3575 1261 3626 ¹¹¹.

407 3663 468 3727 ‘De
504 3661 783 3728 calciamentorum
814 3687 890 3729 vero
924 3663 1141 3751 superfluitate
1174 3664 1252 3752 quid
1273 3659 1420 3730 referam?

322 3747 460 3812 Tantum
482 3747 566 3810 enim
587 3748 621 3810 in
642 3747 691 3810 his
713 3749 884 3832 insaniunt,
913 3759 949 3813 ut
973 3749 1231 3814 commoditatem
1253 3750 1314 3815 sibi
1334 3746 1420 3835 pluri-

379 3893 416 3979 v*)
437 3927 497 3963 cum
516 3911 579 3964 boni
604 3913 702 3978 quique
729 3914 824 3979 capitis
851 3913 920 3979 (post
937 3913 1013 3978 add.)
1041 3929 1209 3980 quocumque
1228 3915 1345 3980 tegmine
1364 3924 1419 3960 con·
1459 3911 1460 3916 ’

438 3987 505 4038 tenti
524 3987 584 4038 sint.
612 3985 649 4035 Hi
669 4001 732 4051 ergo
752 4002 769 4034 a
787 3986 920 4050 religiosis
931 3987 1092 4038 dissidentes
1111 3985 1254 4038 nonsuntl
1274 3987 1340 4038 Cum
1357 3984 1419 4035 enim

439 4061 552 4112 vestium
573 4058 704 4124 dignitate
714 4059 900 4147 delectantur,
919 4061 1012 4148 vilium
1033 4060 1127 4148 procul
1146 4060 1226 4112 dubio
1242 4060 1418 4121 abiectionem,

436 4133 508 4185 unde
528 4149 560 4185 ex
579 4137 654 4200 parte
673 4132 768 4198 relrgro
793 4139 1002 4199 recognoscitur,
1027 4140 1134 4202 psnrtus
1158 4133 1301 4185 abhorrent
1319 4131 1377 4184 odd.
1397 4129 1419 4176 1·

377 4240 399 4294 a)
422 4241 535 4294 Secunda,
552 4243 590 4282 obl
605 4243 661 4282 obse.
736 4241 760 4293 b)
783 4243 807 4281 ἐπ
822 4242 867 4282 loeo
883 4253 942 4283 raso.
1019 4241 1039 4294 c)
1061 4246 1146 4284 exeant
1168 4245 1188 4286 1.
1265 4241 1289 4295 d)
1307 4246 1355 4292 post
1374 4237 1418 4278 add.

318 4299 340 4353 e)
357 4302 456 4342 munivit
472 4305 490 4342 1.
564 4300 581 4352 l)
604 4302 693 4351 pavitas
711 4311 768 4342 corr.
790 4301 892 4350 pravitas
913 4303 934 4340 1.
1009 4299 1032 4354 g)
1048 4303 1096 4343 Hos
1114 4305 1133 4342 1.
1202 4300 1226 4354 h)
1243 4303 1356 4344 auctorita
1369 4307 1419 4339 corr.

318 4361 462 4400 auctoritate.
536 4357 603 4411 1)Το
623 4360 679 4401 abac.
744 4358 872 4412 k)1>e,s,
893 4363 943 4400 vast
962 4360 1019 4403 abac.
1096 4359 1114 4413 l)
1131 4363 1198 4412 splen
1217 4363 1308 4402 seribere
1328 4365 1422 4411 coopm-
1458 4369 1459 4386 ¹

318 4417 350 4471 m)
365 4419 401 4459 De
417 4428 451 4470 ca,
465 4421 548 4470 torum,
562 4421 610 4459 tate
625 4419 680 4460 obse.
1421 4439 1426 4450 ·
