2938 5016
253 401 409 454 RICHERI
429 400 680 454 HISTORIARUM
699 401 812 454 LIBER
830 402 868 455 11.
1116 405 1150 455 63

41 567 135 633 Dolus
156 568 247 656 apud
268 571 384 634 ducem
410 590 431 632 a
455 567 629 654 transfugis
640 579 791 717 'Emtusss
822 569 878 656 qui
906 580 980 635 ante
1005 567 1150 654 latuerat,
1162 587 1214 630 ⁹4⁶.

41 663 102 717 orta
129 674 148 717 ο
174 655 348 719 ortunitate
379 675 421 718 ex
447 654 577 718 raritate
606 653 649 716 m'
665 653 753 734 ‘tum
783 654 834 716 *in
862 663 1008 740 apertum
1036 655 1218 740 erupit‘fol·
1235 665 1280 707 W·

39 736 114 802 Nam
158 759 215 802 um
237 738 445 824 tempestivus
467 735 641 820 adveniret,
664 739 705 802 ab
726 735 904 824 Hagroldo,
927 738 983 823 qui
997 737 1151 803 Baiocen·

41 819 120 886 sibus
141 830 282 907 preerat,
304 843 364 948 per
384 820 597 908 legationema
619 822 793 886 suasoriam
809 822 992 904 accersitus,
1014 821 1151 888 Baiocas

40 927 104 970 cum
124 905 241 991 paucis
262 904 304 970 ad
352 906 592 988 accersientem,
621 913 732 991 utpote
761 905 802 969 ad
830 903 967 986 fidelem,
997 927 1092 991 quem
1118 907 1152 970 in

40 987 116 1052 nullo
138 1000 326 1090 suspectum
347 989 533 1072 habuerat0,
556 1010 688 1054 securus
710 990 853 1056 accessit.
896 988 1060 1054 Barbarus
1074 1012 1150 1056 vero

40 1072 170 1138 militum
191 1073 336 1160 inopiam
357 1073 504 1155 intuitus,
526 1094 601 1138 cum
615 1071 817 1139 multitudine
831 1083 1025 1138 armatorum
1041 1095 1075 1138 re
1099 1095 1151 1138 cm

40 1158 196 1222 incautum
218 1157 413 1243 aggreditur.
468 1155 567 1222 (luitis
589 1155 761 1222 satellitum
782 1156 861 1222 alios
883 1158 1041 1239 saucians,
1103 1158 1150 1224 ‘os

40 1241 228 1322 interimens,
250 1263 360 1326 regem
381 1243 416 1306 in
436 1240 545 1327 fugam
569 1241 666 1327 cogit.
710 1241 754 1306 Et
781 1241 885 1306 forted
915 1242 1060 1328 cepisset,
1088 1243 1151 1306 nisi

40 1325 75 1392 ab
96 1326 165 1390 eius
186 1327 346 1411 armigero
367 1325 534 1391 resistente
549 1322 595 1388 ibi
610 1346 689 1390 mox
714 1324 879 1392 interfecto
902 1325 1150 1412 aliquantispere

40 1409 179 1474 detentus
201 1412 315 1474 essct¹.
370 1409 443 1490 Qua
473 1431 564 1477 mora
592 1432 651 1474 rex
680 1410 755 1474 cui
781 1408 949 1476 velocitate
977 1431 1035 1495 per
1057 1410 1151 1476 devia

40 1502 152 1578 raptus,
174 1491 378 1558 Rhodomum
400 1491 662 1592 soluspervenit.
748 1493 901 1580 rbcmque
929 1495 1100 1580 ingressus,
1130 1514 1151 1556 a

41 1577 167 1660 civibus,
190 1598 229 1642 eo
252 1577 339 1663 quod
361 1597 434 1642 cuni
456 1577 689 1645 Barocensibus
712 1578 956 1662 conspirassent,
980 1587 1092 1665 captus
1111 1599 1149 1641 ac

40 1672 136 1728 tentus
159 1671 218 1726 est.

40 1799 85 1864 48.
115 1799 208 1865 Rexs
226 1821 246 1864 a
265 1799 490 1865 Nortmannisf
514 1821 572 1928 per
598 1797 746 1898 obsidesr
766 1797 952 1866 dimittiturr
972 1810 1004 1866 et
1017 1800 1151 1866 itemmf

397 1881 471 1948 dolo
493 1905 513 1947 a
550 1883 631 1950 duce
654 1894 788 1969 cap1tur.

114 2003 213 2090 Hugo
235 2002 303 2068 dux
323 2025 433 2102 regem
447 2004 607 2070 Rhodomi
629 2013 758 2104 captum
779 2005 990 2092 comperiens,
1012 2005 1149 2070 Baiocas

3 2159 4 2164 η
41 2085 175 2170 devenit,
212 2109 271 2173 pro
300 2109 385 2173 regis
421 2089 567 2187 captione
595 2100 715 2176 gratias
743 2088 925 2154 redditurus
955 2110 993 2153 ac
1025 2097 1061 2153 ut
1087 2088 1149 2154 sibi

41 2181 143 2258 captus
165 2174 391 2236 commitatur&
412 2173 666 2238 ratiocinaturus.
709 2171 899 2237 Nortmanni
925 2173 1027 2239 veroh
1057 2172 1149 2236 iustis

41 2255 268 2322 conditionibus
289 2254 324 2319 id
346 2278 366 2320 a
389 2254 508 2321 endum
529 2255 732 2343 respondent,
754 2265 798 2336 ut,
824 2258 851 2320 si
873 2255 940 2320 dux
961 2277 1072 2341 regern
1094 2277 1149 2318 ex·

40 2340 136 2426 cipiet,
157 2339 222 2426 ipsi
243 2362 278 2405 re
303 2339 328 2404 's
350 2278 433 2404 filios
455 2341 580 2406 omnesi
610 2340 670 2405 sub
698 2341 767 2421 iure
797 2339 944 2404 obsidum
971 2338 1149 2438 accipiant3
1235 2375 1239 2384 ·

40 2444 91 2488 nec
111 2421 170 2488 sub
194 2421 258 2487 alia
278 2362 348 2510 lelge
375 2445 485 2522 regem
511 2447 580 2490 sese
610 2423 806 2489 dimissuros.
856 2422 937 2488 Dux
966 2431 1148 2509 captionem

40 2506 245 2590 dissimulans,
267 2509 333 2572 acsi
354 2531 439 2594 regrs
467 2530 564 2574 causa
593 2531 661 2574 rem
692 2507 903 2590 ordinaturus,
933 2507 974 2572 ad
1003 2506 1148 2592 reginam

41 2589 232 2678 Gerbergam
260 2614 319 2678 pro
349 2591 422 2657 filiis
449 2595 533 2680 regis
562 2591 684 2678 legatos
711 2593 817 2656 mittit.
868 2590 913 2656 At
940 2591 1052 2677 regina
1079 2612 1148 2655 rem

40 2677 244 2742 necessariam
274 2697 489 2762 cognoscens,
524 2677 583 2742 sub
611 2685 810 2742 sacramento
839 2677 997 2742 minorem
1029 2674 1148 2760 dirigit,

41 2759 186 2826 maiorem
208 2760 333 2826 mittere
356 2761 460 2826 evinci
480 2783 545 2825 non
566 2759 684 2826 valens.
719 2761 803 2825 Nam
824 2759 888 2824 duo
909 2769 1033 2824 tantum
1049 2768 1147 2825 erant.

40 2840 154 2910 Minore
190 2866 267 2910 ero
304 2845 415 2912 obside
452 2843 557 2912 oblato
565 2845 590 2920 ¹¹,
626 2843 832 2909 Nortmannis
867 2864 932 2908 non
964 2844 1041 2909 satis
1072 2842 1147 2924 fuit3

40 2928 183 2993 maiorem
205 2866 380 2993 admodum
406 2938 550 3016 petentes
558 2929 576 2992 ¹.
627 2927 692 2994 Sed
742 2929 796 2992 uia
824 2929 864 2994 iis
887 2927 1003 3015 quibus
1025 2925 1150 2992 fidelior

40 3030 119 3075 mens
140 3012 244 3079 inerat
263 3013 369 3077 visum
391 3021 439 3078 est
452 3013 560 3099 regiae
575 3013 683 3162 stffiiis
698 3034 740 3076 no
763 3010 896 3078 ilitatem
911 3035 1006 3098 posse
1020 3012 1148 3098 penitus

40 3092 165 3179 absumi,
188 3096 215 3160 si
237 3095 451 3162 desertoribus
474 3118 583 3162 omnes
640 3097 662 3160 ri
690 3118 762 3161 cum
790 3105 881 3183 patre
908 3106 1083 3178 tencantur,
1114 3093 1149 3158 id

41 3197 101 3244 sese
120 3201 187 3244 non
207 3179 348 3246 factmos
369 3180 616 3281 responderunt3
644 3181 799 3245 minorem
821 3188 944 3246 tantum
967 3179 1097 3246 daturos
1119 3188 1152 3243 et

60 3283 91 3327 ro
121 3264 243 3330 maiore
275 3287 317 3329 ex
350 3286 384 3329 sc
419 3265 498 3350 ipsis
535 3286 768 3351 quemcumque
804 3271 915 3349 petant
950 3262 1148 3327 dimissuros.

79 3346 202 3413 idonem
236 3371 312 3433 crgo
346 3347 535 3414 Suessorum
568 3350 766 3435 episcopum,
800 3369 893 3433 quem
927 3348 1009 3412 inter
1039 3367 1149 3410 ornnes

40 3431 233 3511 potissimum
262 3431 424 3516 videbant,
457 3442 612 3518 expetunt
646 3453 685 3496 ac
714 3452 773 3518 pro
814 3429 925 3496 obside
958 3451 1031 3494 cum
1064 3429 1150 3514 regis

41 3511 98 3579 filio
128 3516 296 3602 recipiunt
339 3517 412 3581 Rex
439 3517 547 3602 itaque
575 3517 735 3598 dimissus,
765 3535 838 3579 cum
867 3535 887 3578 a
917 3513 999 3579 duce
1028 3515 1062 3578 in
1091 3534 1150 3577 sua

41 3595 147 3664 deduci
167 3609 341 3686 putaretur,
363 3598 404 3665 ab
433 3599 546 3665 ecdem
573 3599 720 3665 detentus
741 3608 791 3666 est
819 3619 857 3664 ac
880 3596 1059 3665 Teutboldo
1085 3597 1149 3663 Tu-

41 3683 141 3749 ronico
163 3683 390 3749 custodiendus
412 3684 592 3770 deputatur.
636 3681 731 3749 Unde
759 3693 790 3749 et
815 3683 1052 3749 manifestatum
1080 3680 1149 3765 fist,

40 3767 139 3850 regiae
164 3766 268 3833 lineae
290 3767 388 3834 decus
412 3769 446 3832 in
475 3767 699 3854 absumptione
724 3767 842 3854 patris*
864 3769 911 3832 eti
937 3767 1073 3833 filiorum
1096 3789 1150 3853 pe·

41 3849 117 3916 nitus
146 3850 273 3918 abolere
299 3853 460 3918 tirannum
490 3851 639 3918 voluisse.
690 3851 738 3917 Rc
767 3860 874 3916 autem
901 3853 935 3916 in
957 3851 1149 3918 contrarium

41 3930 138 4019 ducta,
159 3958 240 4002 unus
261 3944 416 4002 tantumm
437 3936 524 4022 regis
545 3934 629 4002 filius
650 3955 671 4000 a
692 3938 839 4021 captione
856 3937 1021 4022 superfuit.

73 4139 74 4144 =
94 4114 116 4169 s)
130 4117 219 4168 legatos
235 4120 254 4158 1.
314 4115 338 4170 b)
355 4117 384 4158 ad
400 4127 422 4160 e.
435 4122 486 4168 poet
501 4117 552 4159 cdd.
621 4114 642 4170 c)
657 4115 758 4158 babebat
775 4119 795 4159 1.
856 4113 880 4167 d)
896 4115 926 4156 nt
940 4125 1001 4166 pene
1017 4115 1067 4155 elus
1083 4114 1150 4152 armi-

42 4178 128 4219 ssr01.
191 4175 214 4230 a)
236 4177 270 4218 lbl
285 4187 306 4219 e.
323 4179 343 4218 1.
404 4174 423 4228 l)
446 4177 473 4228 R,
489 4179 529 4230 tm,
546 4175 583 4228 cb,
599 4187 631 4228 m,
646 4177 672 4228 lt,
692 4175 808 4216 adaiae.
869 4171 892 4224 ς)
909 4175 947 4215 sic.
1007 4171 1032 4225 h)
1055 4183 1077 4215 v.
1094 4172 1148 4212 ducl

43 4240 84 4272 uon
97 4236 152 4277 satis
168 4236 257 4279 creduli
274 4238 293 4276 1.
360 4235 379 4290 1)
391 4241 443 4288 poet
458 4235 508 4278 cdd.
569 4232 594 4287 k)
611 4235 665 4276 dato
682 4237 702 4276 1.
764 4232 782 4286 l)
799 4237 937 4284 quaerentes
954 4235 975 4272 1.
1036 4227 1068 4284 m)
1084 4231 1116 4271 ito
1131 4241 1149 4271 e.

110 4381 137 4451 1)
154 4385 231 4439 Haec
250 4386 390 4439 Richards.
