<?xml version="1.0" encoding="UTF-8"?>
<!DOCTYPE html PUBLIC "-//W3C//DTD XHTML 1.0 Transitional//EN"
    "http://www.w3.org/TR/xhtml1/DTD/xhtml1-transitional.dtd">
<html xmlns="http://www.w3.org/1999/xhtml" xml:lang="en" lang="en">
 <head>
  <title>
</title>
<meta http-equiv="Content-Type" content="text/html;charset=utf-8" />
  <meta name='ocr-system' content='tesseract 3.04.00' />
  <meta name='ocr-capabilities' content='ocr_page ocr_carea ocr_par ocr_line ocrx_word'/>
</head>
<body>
  <div class='ocr_page' id='page_1' title='image "./richerihistoria00richgoog_0027.png"; bbox 0 0 2938 5016; ppageno 0'>
   <div class='ocr_carea' id='block_1_1' title="bbox 315 436 1172 491">
    <p class='ocr_par' dir='ltr' id='par_1_1' title="bbox 315 436 1172 491">
     <span class='ocr_line' id='line_1_1' title="bbox 315 436 1172 491; baseline 0.002 -3"><span class='ocrx_word' id='word_1_1' title='bbox 315 441 330 488; x_wconf 88' lang='grc'><strong>6</strong></span> <span class='ocrx_word' id='word_1_2' title='bbox 574 436 727 489; x_wconf 80' lang='lat' dir='ltr'><strong>RIOHBRI</strong></span> <span class='ocrx_word' id='word_1_3' title='bbox 747 437 999 490; x_wconf 81' lang='lat' dir='ltr'><strong>HISTORIABUM</strong></span> <span class='ocrx_word' id='word_1_4' title='bbox 1018 436 1172 491; x_wconf 85' lang='lat' dir='ltr'><strong>LIBERI.</strong></span> 
     </span>
    </p>
   </div>
   <div class='ocr_carea' id='block_1_2' title="bbox 217 603 1463 1174">
    <p class='ocr_par' dir='ltr' id='par_1_2' title="bbox 312 603 1418 860">
     <span class='ocr_line' id='line_1_2' title="bbox 312 603 1418 703; baseline -0.002 -33"><span class='ocrx_word' id='word_1_5' title='bbox 312 604 499 670; x_wconf 78' lang='lat' dir='ltr'><strong>habebatur.</strong></span> <span class='ocrx_word' id='word_1_6' title='bbox 543 604 614 669; x_wconf 85' lang='lat' dir='ltr'><strong>Rex</strong></span> <span class='ocrx_word' id='word_1_7' title='bbox 640 605 762 670; x_wconf 91' lang='lat' dir='ltr'><strong>interea</strong></span> <span class='ocrx_word' id='word_1_8' title='bbox 780 627 841 703; x_wconf 91' lang='lat' dir='ltr'><strong>per</strong></span> <span class='ocrx_word' id='word_1_9' title='bbox 861 603 964 688; x_wconf 83' lang='lat' dir='ltr'><strong>loca*,</strong></span> <span class='ocrx_word' id='word_1_10' title='bbox 992 628 1073 692; x_wconf 88' lang='lat' dir='ltr'><strong>quac</strong></span> <span class='ocrx_word' id='word_1_11' title='bbox 1100 607 1211 691; x_wconf 89' lang='lat' dir='ltr'><strong>piratis</strong></span> <span class='ocrx_word' id='word_1_12' title='bbox 1238 607 1418 670; x_wconf 84' lang='lat' dir='ltr'><strong>inuentibus</strong></span> 
     </span>
     <span class='ocr_line' id='line_1_3' title="bbox 313 687 1418 775; baseline -0.001 -21"><span class='ocrx_word' id='word_1_13' title='bbox 313 689 436 754; x_wconf 89' lang='lat' dir='ltr'><strong>aditum</strong></span> <span class='ocrx_word' id='word_1_14' title='bbox 464 687 672 775; x_wconf 77' lang='lat' dir='ltr'><strong>prebebant⁸,</strong></span> <span class='ocrx_word' id='word_1_15' title='bbox 700 690 892 754; x_wconf 90' lang='lat' dir='ltr'><strong>mumtiones</strong></span> <span class='ocrx_word' id='word_1_16' title='bbox 922 691 1057 755; x_wconf 76' lang='lat' dir='ltr'>exstruit</span> <span class='ocrx_word' id='word_1_17' title='bbox 1086 712 1124 754; x_wconf 90' lang='lat' dir='ltr'><strong>ac</strong></span> <span class='ocrx_word' id='word_1_18' title='bbox 1152 691 1186 754; x_wconf 94' lang='lat' dir='ltr'><strong>in</strong></span> <span class='ocrx_word' id='word_1_19' title='bbox 1213 691 1259 756; x_wconf 89' lang='lat' dir='ltr'><strong>eis</strong></span> <span class='ocrx_word' id='word_1_20' title='bbox 1294 689 1418 754; x_wconf 88' lang='lat' dir='ltr'><strong>militum</strong></span> 
     </span>
     <span class='ocr_line' id='line_1_4' title="bbox 313 773 1418 860; baseline 0 -23"><span class='ocrx_word' id='word_1_21' title='bbox 313 774 425 858; x_wconf 90' lang='lat' dir='ltr'><strong>copias</strong></span> <span class='ocrx_word' id='word_1_22' title='bbox 446 774 547 859; x_wconf 92' lang='lat' dir='ltr'><strong>ponit.</strong></span> <span class='ocrx_word' id='word_1_23' title='bbox 589 773 663 858; x_wconf 87' lang='lat' dir='ltr'><strong>Ipse</strong></span> <span class='ocrx_word' id='word_1_24' title='bbox 686 793 760 835; x_wconf 89' lang='lat' dir='ltr'><strong>cum</strong></span> <span class='ocrx_word' id='word_1_25' title='bbox 782 774 925 838; x_wconf 89' lang='lat' dir='ltr'><strong>exercitu</strong></span> <span class='ocrx_word' id='word_1_26' title='bbox 946 775 979 836; x_wconf 91' lang='lat' dir='ltr'><strong>in</strong></span> <span class='ocrx_word' id='word_1_27' title='bbox 1000 773 1194 860; x_wconf 85' lang='lat' dir='ltr'><strong>Aquitaniae</strong></span> <span class='ocrx_word' id='word_1_28' title='bbox 1215 784 1324 859; x_wconf 88' lang='lat' dir='ltr'><strong>partes</strong></span> <span class='ocrx_word' id='word_1_29' title='bbox 1346 796 1418 838; x_wconf 87' lang='lat' dir='ltr'><strong>sece-</strong></span> 
     </span>
    </p>

    <p class='ocr_par' dir='ltr' id='par_1_3' title="bbox 217 856 1463 1174">
     <span class='ocr_line' id='line_1_5' title="bbox 217 856 1419 946; baseline 0.003 -29"><span class='ocrx_word' id='word_1_30' title='bbox 217 873 273 918; x_wconf 75' lang='lat' dir='ltr'><strong>*ron</strong></span> <span class='ocrx_word' id='word_1_31' title='bbox 283 878 304 921; x_wconf 83' lang='lat' dir='ltr'><strong>e.</strong></span> <span class='ocrx_word' id='word_1_32' title='bbox 314 856 402 939; x_wconf 92' lang='lat' dir='ltr'><strong>dens,</strong></span> <span class='ocrx_word' id='word_1_33' title='bbox 434 879 499 922; x_wconf 93' lang='lat' dir='ltr'><strong>non</strong></span> <span class='ocrx_word' id='word_1_34' title='bbox 520 865 594 921; x_wconf 89' lang='lat' dir='ltr'><strong>ante</strong></span> <span class='ocrx_word' id='word_1_35' title='bbox 616 878 650 921; x_wconf 91' lang='lat' dir='ltr'><strong>se</strong></span> <span class='ocrx_word' id='word_1_36' title='bbox 679 856 855 922; x_wconf 89' lang='lat' dir='ltr'><strong>rediturum</strong></span> <span class='ocrx_word' id='word_1_37' title='bbox 905 879 1074 943; x_wconf 85' lang='lat' dir='ltr'><strong>reponens,</strong></span> <span class='ocrx_word' id='word_1_38' title='bbox 1107 861 1224 946; x_wconf 88' lang='lat' dir='ltr'><strong>*quam</strong></span> <span class='ocrx_word' id='word_1_39' title='bbox 1247 857 1419 945; x_wconf 85' lang='lat' dir='ltr'><strong>supradicta</strong></span> 
     </span>
     <span class='ocr_line' id='line_1_6' title="bbox 313 940 1463 1041; baseline 0 -37"><span class='ocrx_word' id='word_1_40' title='bbox 313 940 414 1004; x_wconf 92' lang='lat' dir='ltr'><strong>modii</strong></span> <span class='ocrx_word' id='word_1_41' title='bbox 435 940 635 1005; x_wconf 81' lang='lat' dir='ltr'>frumentarii</span> <span class='ocrx_word' id='word_1_42' title='bbox 657 962 807 1006; x_wconf 89' lang='lat' dir='ltr'><strong>mensura</strong></span> <span class='ocrx_word' id='word_1_43' title='bbox 829 943 892 1005; x_wconf 88' lang='lat' dir='ltr'><strong>dua</strong></span> <span class='ocrx_word' id='word_1_44' title='bbox 915 964 952 1005; x_wconf 92' lang='lat' dir='ltr'><strong>us</strong></span> <span class='ocrx_word' id='word_1_45' title='bbox 975 941 1116 1041; x_wconf 82' lang='lat' dir='ltr'><strong>dragmis</strong></span> <span class='ocrx_word' id='word_1_46' title='bbox 1137 945 1269 1025; x_wconf 89' lang='lat' dir='ltr'><strong>veniret,</strong></span> <span class='ocrx_word' id='word_1_47' title='bbox 1299 941 1418 1028; x_wconf 86' lang='lat' dir='ltr'><strong>gallina·</strong></span> <span class='ocrx_word' id='word_1_48' title='bbox 1462 1001 1463 1004; x_wconf 74' lang='grc'>,</span> 
     </span>
     <span class='ocr_line' id='line_1_7' title="bbox 312 1024 1419 1112; baseline 0 -24"><span class='ocrx_word' id='word_1_49' title='bbox 312 1026 375 1088; x_wconf 86' lang='lat' dir='ltr'><strong>tius</strong></span> <span class='ocrx_word' id='word_1_50' title='bbox 403 1045 479 1089; x_wconf 92' lang='lat' dir='ltr'><strong>vero</strong></span> <span class='ocrx_word' id='word_1_51' title='bbox 508 1024 639 1090; x_wconf 90' lang='lat' dir='ltr'><strong>denario</strong></span> <span class='ocrx_word' id='word_1_52' title='bbox 662 1034 758 1112; x_wconf 89' lang='lat' dir='ltr'><strong>atque</strong></span> <span class='ocrx_word' id='word_1_53' title='bbox 781 1026 849 1090; x_wconf 87' lang='lat' dir='ltr'><strong>ovis</strong></span> <span class='ocrx_word' id='word_1_54' title='bbox 871 1024 995 1090; x_wconf 91' lang='lat' dir='ltr'><strong>duabus</strong></span> <span class='ocrx_word' id='word_1_55' title='bbox 1017 1027 1128 1090; x_wconf 81' lang='lat' dir='ltr'><strong>itidem</strong></span> <span class='ocrx_word' id='word_1_56' title='bbox 1150 1025 1303 1111; x_wconf 82' lang='lat' dir='ltr'><strong>dragmis,</strong></span> <span class='ocrx_word' id='word_1_57' title='bbox 1332 1047 1419 1090; x_wconf 86' lang='lat' dir='ltr'><strong>vacca</strong></span> 
     </span>
     <span class='ocr_line' id='line_1_8' title="bbox 312 1106 914 1174; baseline -0.002 -1"><span class='ocrx_word' id='word_1_58' title='bbox 312 1130 388 1173; x_wconf 89' lang='lat' dir='ltr'><strong>vero</strong></span> <span class='ocrx_word' id='word_1_59' title='bbox 410 1106 511 1173; x_wconf 86' lang='lat' dir='ltr'><strong>tribus</strong></span> <span class='ocrx_word' id='word_1_60' title='bbox 533 1110 636 1173; x_wconf 92' lang='lat' dir='ltr'><strong>unciis</strong></span> <span class='ocrx_word' id='word_1_61' title='bbox 658 1107 914 1174; x_wconf 83' lang='lat' dir='ltr'><strong>venumdaretur.</strong></span> 
     </span>
    </p>
   </div>
   <div class='ocr_carea' id='block_1_3' title="bbox 203 1229 1325 1316">
    <p class='ocr_par' dir='ltr' id='par_1_4' title="bbox 203 1229 1325 1316">
     <span class='ocr_line' id='line_1_9' title="bbox 203 1229 1325 1316; baseline -0.001 -21"><span class='ocrx_word' id='word_1_62' title='bbox 203 1240 301 1295; x_wconf 57' lang='lat' dir='ltr'><strong>&#39;oble</strong></span> <span class='ocrx_word' id='word_1_63' title='bbox 418 1231 470 1294; x_wconf 88' lang='lat'><strong>*6.</strong></span> <span class='ocrx_word' id='word_1_64' title='bbox 515 1229 653 1314; x_wconf 85' lang='lat' dir='ltr'><strong>Pyratae</strong></span> <span class='ocrx_word' id='word_1_65' title='bbox 674 1229 887 1294; x_wconf 81' lang='lat' dir='ltr'><strong>Brittanniam</strong></span> <span class='ocrx_word' id='word_1_66' title='bbox 909 1231 1068 1316; x_wconf 88' lang='lat' dir='ltr'><strong>impetunt</strong></span> <span class='ocrx_word' id='word_1_67' title='bbox 1089 1251 1127 1295; x_wconf 90' lang='lat' dir='ltr'><strong>ac</strong></span> <span class='ocrx_word' id='word_1_68' title='bbox 1148 1229 1325 1295; x_wconf 90' lang='lat' dir='ltr'><strong>devastant.</strong></span> 
     </span>
    </p>
   </div>
   <div class='ocr_carea' id='block_1_4' title="bbox 252 1331 1465 2510">
    <p class='ocr_par' dir='ltr' id='par_1_5' title="bbox 252 1331 1465 2510">
     <span class='ocr_line' id='line_1_10' title="bbox 396 1331 1418 1418; baseline 0 -24"><span class='ocrx_word' id='word_1_69' title='bbox 396 1331 522 1396; x_wconf 84' lang='lat' dir='ltr'><strong>interea</strong></span> <span class='ocrx_word' id='word_1_70' title='bbox 542 1353 618 1417; x_wconf 87' lang='lat' dir='ltr'><strong>rege</strong></span> <span class='ocrx_word' id='word_1_71' title='bbox 640 1332 727 1418; x_wconf 93' lang='lat' dir='ltr'><strong>apud</strong></span> <span class='ocrx_word' id='word_1_72' title='bbox 748 1332 861 1398; x_wconf 90' lang='lat' dir='ltr'><strong>urbem</strong></span> <span class='ocrx_word' id='word_1_73' title='bbox 882 1331 1051 1396; x_wconf 83' lang='lat' dir='ltr'><strong>Auitium¹</strong></span> <span class='ocrx_word' id='word_1_74' title='bbox 1075 1354 1143 1396; x_wconf 90' lang='lat' dir='ltr'><strong>rem</strong></span> <span class='ocrx_word' id='word_1_75' title='bbox 1164 1331 1331 1418; x_wconf 81' lang='lat' dir='ltr'><strong>publicam</strong></span> <span class='ocrx_word' id='word_1_76' title='bbox 1359 1353 1418 1418; x_wconf 88' lang='lat' dir='ltr'><strong>pro-</strong></span> 
     </span>
     <span class='ocr_line' id='line_1_11' title="bbox 312 1413 1418 1501; baseline 0.002 -23"><span class='ocrx_word' id='word_1_77' title='bbox 312 1423 451 1498; x_wconf 85' lang='lat' dir='ltr'><strong>curante,</strong></span> <span class='ocrx_word' id='word_1_78' title='bbox 475 1425 609 1501; x_wconf 87' lang='lat' dir='ltr'><strong>pyratae</strong></span> <span class='ocrx_word' id='word_1_79' title='bbox 631 1439 650 1480; x_wconf 91' lang='lat' dir='ltr'><strong>a</strong></span> <span class='ocrx_word' id='word_1_80' title='bbox 672 1416 788 1482; x_wconf 89' lang='lat' dir='ltr'><strong>finibus</strong></span> <span class='ocrx_word' id='word_1_81' title='bbox 810 1417 1015 1482; x_wconf 80' lang='lat' dir='ltr'><strong>Neustriae**</strong></span> <span class='ocrx_word' id='word_1_82' title='bbox 1036 1413 1131 1501; x_wconf 90' lang='lat' dir='ltr'><strong>pulsi,</strong></span> <span class='ocrx_word' id='word_1_83' title='bbox 1158 1437 1232 1480; x_wconf 91' lang='lat' dir='ltr'><strong>eum</strong></span> <span class='ocrx_word' id='word_1_84' title='bbox 1258 1416 1322 1481; x_wconf 81' lang='lat' dir='ltr'><strong>adb</strong></span> <span class='ocrx_word' id='word_1_85' title='bbox 1353 1419 1418 1480; x_wconf 89' lang='lat' dir='ltr'><strong>inte·</strong></span> 
     </span>
     <span class='ocr_line' id='line_1_12' title="bbox 310 1498 1418 1586; baseline 0.001 -24"><span class='ocrx_word' id='word_1_86' title='bbox 310 1500 396 1563; x_wconf 89' lang='lat' dir='ltr'><strong>riora</strong></span> <span class='ocrx_word' id='word_1_87' title='bbox 425 1498 619 1586; x_wconf 88' lang='lat' dir='ltr'><strong>Aquitaniae</strong></span> <span class='ocrx_word' id='word_1_88' title='bbox 647 1501 865 1566; x_wconf 80' lang='lat' dir='ltr'><strong>concessissec</strong></span> <span class='ocrx_word' id='word_1_89' title='bbox 895 1500 1073 1564; x_wconf 86' lang='lat' dir='ltr'><strong>dinoscunt.</strong></span> <span class='ocrx_word' id='word_1_90' title='bbox 1122 1498 1295 1564; x_wconf 81' lang='lat' dir='ltr'><strong>Confluunt</strong></span> <span class='ocrx_word' id='word_1_91' title='bbox 1323 1501 1418 1586; x_wconf 88' lang='lat' dir='ltr'><strong>itaque</strong></span> 
     </span>
     <span class='ocr_line' id='line_1_13' title="bbox 312 1581 1464 1672; baseline 0.001 -27"><span class='ocrx_word' id='word_1_92' title='bbox 312 1603 349 1646; x_wconf 90' lang='lat' dir='ltr'><strong>ac</strong></span> <span class='ocrx_word' id='word_1_93' title='bbox 376 1581 509 1648; x_wconf 82' lang='lat' dir='ltr'><strong>classem</strong></span> <span class='ocrx_word' id='word_1_94' title='bbox 537 1593 653 1668; x_wconf 91' lang='lat' dir='ltr'><strong>parant</strong></span> <span class='ocrx_word' id='word_1_95' title='bbox 681 1595 776 1672; x_wconf 90' lang='lat' dir='ltr'><strong>atque</strong></span> <span class='ocrx_word' id='word_1_96' title='bbox 804 1584 1018 1648; x_wconf 88' lang='lat' dir='ltr'><strong>Brittanniam</strong></span> <span class='ocrx_word' id='word_1_97' title='bbox 1050 1585 1208 1669; x_wconf 87' lang='lat' dir='ltr'><strong>repentini</strong></span> <span class='ocrx_word' id='word_1_98' title='bbox 1239 1585 1417 1670; x_wconf 84' lang='lat' dir='ltr'><strong>irrumpunt.</strong></span> <span class='ocrx_word' id='word_1_99' title='bbox 1463 1642 1464 1647; x_wconf 74' lang='grc'>,</span> 
     </span>
     <span class='ocr_line' id='line_1_14' title="bbox 310 1665 1418 1765; baseline 0.001 -37"><span class='ocrx_word' id='word_1_100' title='bbox 310 1665 471 1730; x_wconf 90' lang='lat' dir='ltr'><strong>Brittanni</strong></span> <span class='ocrx_word' id='word_1_101' title='bbox 498 1669 664 1765; x_wconf 88' lang='lat' dir='ltr'><strong>repentino</strong></span> <span class='ocrx_word' id='word_1_102' title='bbox 692 1666 903 1733; x_wconf 86' lang='lat' dir='ltr'><strong>barbarormn</strong></span> <span class='ocrx_word' id='word_1_103' title='bbox 930 1671 1053 1753; x_wconf 91' lang='lat' dir='ltr'><strong>impetu</strong></span> <span class='ocrx_word' id='word_1_104' title='bbox 1073 1668 1183 1750; x_wconf 88' lang='lat' dir='ltr'><strong>territi,</strong></span> <span class='ocrx_word' id='word_1_105' title='bbox 1213 1669 1418 1733; x_wconf 84' lang='lat' dir='ltr'><strong>saevientibus</strong></span> 
     </span>
     <span class='ocr_line' id='line_1_15' title="bbox 312 1748 1418 1850; baseline 0.003 -38"><span class='ocrx_word' id='word_1_106' title='bbox 312 1748 438 1833; x_wconf 73' lang='lat' dir='ltr'><strong>cedunt.</strong></span> <span class='ocrx_word' id='word_1_107' title='bbox 484 1748 609 1850; x_wconf 78' lang='lat' dir='ltr'><strong>Cuique</strong></span> <span class='ocrx_word' id='word_1_108' title='bbox 640 1751 740 1816; x_wconf 90' lang='lat' dir='ltr'><strong>vitam</strong></span> <span class='ocrx_word' id='word_1_109' title='bbox 772 1761 896 1816; x_wconf 88' lang='lat' dir='ltr'><strong>tantum</strong></span> <span class='ocrx_word' id='word_1_110' title='bbox 929 1751 1052 1816; x_wconf 84' lang='lat' dir='ltr'><strong>salvare</strong></span> <span class='ocrx_word' id='word_1_111' title='bbox 1085 1753 1161 1815; x_wconf 92' lang='lat' dir='ltr'><strong>satis</strong></span> <span class='ocrx_word' id='word_1_112' title='bbox 1193 1752 1262 1817; x_wconf 91' lang='lat' dir='ltr'><strong>fuit.</strong></span> <span class='ocrx_word' id='word_1_113' title='bbox 1309 1753 1418 1817; x_wconf 88' lang='lat' dir='ltr'><strong>Rerum</strong></span> 
     </span>
     <span class='ocr_line' id='line_1_16' title="bbox 252 1834 1464 1922; baseline 0.002 -26"><span class='ocrx_word' id='word_1_114' title='bbox 252 1841 303 1884; x_wconf 80' lang='lat'><strong>8⁹⁰·</strong></span> <span class='ocrx_word' id='word_1_115' title='bbox 312 1854 442 1896; x_wconf 87' lang='lat' dir='ltr'><strong>suarum</strong></span> <span class='ocrx_word' id='word_1_116' title='bbox 469 1843 665 1899; x_wconf 80' lang='lat' dir='ltr'><strong>cretionem</strong></span> <span class='ocrx_word' id='word_1_117' title='bbox 699 1857 794 1899; x_wconf 86' lang='lat' dir='ltr'><strong>nemo</strong></span> <span class='ocrx_word' id='word_1_118' title='bbox 828 1837 1009 1922; x_wconf 91' lang='lat' dir='ltr'><strong>quaerebat.</strong></span> <span class='ocrx_word' id='word_1_119' title='bbox 1055 1834 1106 1899; x_wconf 89' lang='lat' dir='ltr'><strong>De</strong></span> <span class='ocrx_word' id='word_1_120' title='bbox 1134 1837 1202 1900; x_wconf 90' lang='lat' dir='ltr'><strong>vita</strong></span> <span class='ocrx_word' id='word_1_121' title='bbox 1229 1835 1417 1901; x_wconf 88' lang='lat' dir='ltr'><strong>solummodo</strong></span> <span class='ocrx_word' id='word_1_122' title='bbox 1463 1872 1464 1875; x_wconf 61' lang='lat'><em>=</em></span> 
     </span>
     <span class='ocr_line' id='line_1_17' title="bbox 312 1855 1465 2006; baseline 0 -26"><span class='ocrx_word' id='word_1_123' title='bbox 312 1917 486 2000; x_wconf 86' lang='lat' dir='ltr'><strong>agitabant.</strong></span> <span class='ocrx_word' id='word_1_124' title='bbox 522 1855 625 1982; x_wconf 78' lang='lat' dir='ltr'><strong>Illnde</strong></span> <span class='ocrx_word' id='word_1_125' title='bbox 657 1928 689 1983; x_wconf 94' lang='lat' dir='ltr'><strong>et</strong></span> <span class='ocrx_word' id='word_1_126' title='bbox 721 1921 786 1982; x_wconf 91' lang='lat' dir='ltr'><strong>suis</strong></span> <span class='ocrx_word' id='word_1_127' title='bbox 818 1919 884 1985; x_wconf 88' lang='lat' dir='ltr'><strong>fere</strong></span> <span class='ocrx_word' id='word_1_128' title='bbox 918 1920 1065 1984; x_wconf 90' lang='lat' dir='ltr'><strong>omnibus</strong></span> <span class='ocrx_word' id='word_1_129' title='bbox 1093 1918 1262 2003; x_wconf 86' lang='lat' dir='ltr'><strong>derelictis,</strong></span> <span class='ocrx_word' id='word_1_130' title='bbox 1294 1929 1417 2006; x_wconf 82' lang='lat' dir='ltr'><strong>pyratae</strong></span> <span class='ocrx_word' id='word_1_131' title='bbox 1464 1939 1465 1980; x_wconf 75' lang='lat'>3</span> 
     </span>
     <span class='ocr_line' id='line_1_18' title="bbox 312 1952 1465 2090; baseline 0.003 -26"><span class='ocrx_word' id='word_1_132' title='bbox 312 2001 434 2084; x_wconf 89' lang='lat' dir='ltr'><strong>passim</strong></span> <span class='ocrx_word' id='word_1_133' title='bbox 466 2003 642 2086; x_wconf 90' lang='lat' dir='ltr'><strong>rapiuntur.</strong></span> <span class='ocrx_word' id='word_1_134' title='bbox 697 2003 851 2090; x_wconf 75' lang='lat' dir='ltr'><strong>Quaeque</strong></span> <span class='ocrx_word' id='word_1_135' title='bbox 883 2003 1054 2068; x_wconf 90' lang='lat' dir='ltr'><strong>commoda</strong></span> <span class='ocrx_word' id='word_1_136' title='bbox 1085 2013 1251 2089; x_wconf 89' lang='lat' dir='ltr'><strong>asportant</strong></span> <span class='ocrx_word' id='word_1_137' title='bbox 1283 2027 1321 2069; x_wconf 91' lang='lat' dir='ltr'><strong>ac</strong></span> <span class='ocrx_word' id='word_1_138' title='bbox 1355 2015 1430 2068; x_wconf 83' lang='lat' dir='ltr'><strong>cum·</strong></span> <span class='ocrx_word' id='word_1_139' title='bbox 1458 1952 1465 2081; x_wconf 82' lang='lat' dir='ltr'><strong>l</strong></span> 
     </span>
     <span class='ocr_line' id='line_1_19' title="bbox 312 2081 1463 2184; baseline 0.003 -39"><span class='ocrx_word' id='word_1_140' title='bbox 312 2081 411 2148; x_wconf 93' lang='lat' dir='ltr'><strong>multa</strong></span> <span class='ocrx_word' id='word_1_141' title='bbox 430 2106 538 2149; x_wconf 91' lang='lat' dir='ltr'><strong>rerum</strong></span> <span class='ocrx_word' id='word_1_142' title='bbox 557 2085 660 2184; x_wconf 89' lang='lat' dir='ltr'><strong>preda</strong></span> <span class='ocrx_word' id='word_1_143' title='bbox 680 2086 766 2152; x_wconf 93' lang='lat' dir='ltr'><strong>nullo</strong></span> <span class='ocrx_word' id='word_1_144' title='bbox 787 2089 941 2153; x_wconf 90' lang='lat' dir='ltr'><strong>renitente</strong></span> <span class='ocrx_word' id='word_1_145' title='bbox 962 2088 1105 2152; x_wconf 91' lang='lat' dir='ltr'><strong>redeunt.</strong></span> <span class='ocrx_word' id='word_1_146' title='bbox 1141 2088 1223 2152; x_wconf 84' lang='lat' dir='ltr'><strong>Tam</strong></span> <span class='ocrx_word' id='word_1_147' title='bbox 1244 2087 1329 2153; x_wconf 88' lang='lat' dir='ltr'><strong>felici</strong></span> <span class='ocrx_word' id='word_1_148' title='bbox 1351 2111 1384 2152; x_wconf 92' lang='lat' dir='ltr'><strong>er</strong></span> <span class='ocrx_word' id='word_1_149' title='bbox 1402 2108 1416 2149; x_wconf 93' lang='lat' dir='ltr'><strong>o</strong></span> <span class='ocrx_word' id='word_1_150' title='bbox 1458 2090 1463 2173; x_wconf 72' lang='lat' dir='ltr'><strong>l</strong></span> 
     </span>
     <span class='ocr_line' id='line_1_20' title="bbox 313 2110 1416 2256; baseline 0.005 -26"><span class='ocrx_word' id='word_1_151' title='bbox 313 2189 463 2233; x_wconf 86' lang='lat' dir='ltr'><strong>successu</strong></span> <span class='ocrx_word' id='word_1_152' title='bbox 492 2167 574 2255; x_wconf 68' lang='lat' dir='ltr'><strong>elati,</strong></span> <span class='ocrx_word' id='word_1_153' title='bbox 604 2193 663 2256; x_wconf 92' lang='lat' dir='ltr'><strong>per</strong></span> <span class='ocrx_word' id='word_1_154' title='bbox 691 2173 863 2236; x_wconf 87' lang='lat' dir='ltr'><strong>exteriores</strong></span> <span class='ocrx_word' id='word_1_155' title='bbox 885 2171 1083 2236; x_wconf 89' lang='lat' dir='ltr'><strong>Brittanniae</strong></span> <span class='ocrx_word' id='word_1_156' title='bbox 1104 2171 1184 2236; x_wconf 87' lang='lat' dir='ltr'><strong>fines</strong></span> <span class='ocrx_word' id='word_1_157' title='bbox 1206 2193 1299 2236; x_wconf 89' lang='lat' dir='ltr'><strong>secus</strong></span> <span class='ocrx_word' id='word_1_158' title='bbox 1320 2110 1416 2236; x_wconf 71' lang='lat' dir='ltr'><strong>Anie-</strong></span> 
     </span>
     <span class='ocr_line' id='line_1_21' title="bbox 309 2251 1463 2343; baseline -0.001 -26"><span class='ocrx_word' id='word_1_159' title='bbox 309 2274 429 2336; x_wconf 85' lang='lat' dir='ltr'><strong>gavum</strong></span> <span class='ocrx_word' id='word_1_160' title='bbox 443 2251 652 2340; x_wconf 91' lang='lat' dir='ltr'><strong>Aquitaniam</strong></span> <span class='ocrx_word' id='word_1_161' title='bbox 672 2257 853 2342; x_wconf 90' lang='lat' dir='ltr'><strong>irrumpunt</strong></span> <span class='ocrx_word' id='word_1_162' title='bbox 871 2255 1034 2342; x_wconf 88' lang='lat' dir='ltr'><strong>multaque</strong></span> <span class='ocrx_word' id='word_1_163' title='bbox 1049 2254 1297 2340; x_wconf 90' lang='lat' dir='ltr'><strong>depopulatione</strong></span> <span class='ocrx_word' id='word_1_164' title='bbox 1310 2266 1416 2320; x_wconf 88' lang='lat' dir='ltr'><strong>terram</strong></span> <span class='ocrx_word' id='word_1_165' title='bbox 1459 2284 1463 2343; x_wconf 55' lang='lat' dir='ltr'>i</span> 
     </span>
     <span class='ocr_line' id='line_1_22' title="bbox 309 2336 1463 2425; baseline 0.004 -25"><span class='ocrx_word' id='word_1_166' title='bbox 309 2336 486 2402; x_wconf 89' lang='lat' dir='ltr'><strong>devastant.</strong></span> <span class='ocrx_word' id='word_1_167' title='bbox 523 2336 699 2405; x_wconf 87' lang='lat' dir='ltr'><strong>Abducunt</strong></span> <span class='ocrx_word' id='word_1_168' title='bbox 719 2341 804 2405; x_wconf 91' lang='lat' dir='ltr'><strong>viros</strong></span> <span class='ocrx_word' id='word_1_169' title='bbox 826 2362 865 2406; x_wconf 91' lang='lat' dir='ltr'><strong>ac</strong></span> <span class='ocrx_word' id='word_1_170' title='bbox 886 2338 1033 2404; x_wconf 88' lang='lat' dir='ltr'><strong>mulieres</strong></span> <span class='ocrx_word' id='word_1_171' title='bbox 1056 2361 1245 2425; x_wconf 89' lang='lat' dir='ltr'><strong>puerosque.</strong></span> <span class='ocrx_word' id='word_1_172' title='bbox 1283 2341 1416 2421; x_wconf 77' lang='lat' dir='ltr'><strong>Quorum</strong></span> <span class='ocrx_word' id='word_1_173' title='bbox 1459 2352 1463 2417; x_wconf 73' lang='grc' dir='ltr'>ξ</span> 
     </span>
     <span class='ocr_line' id='line_1_23' title="bbox 309 2422 1463 2510; baseline -0.001 -27"><span class='ocrx_word' id='word_1_174' title='bbox 309 2423 524 2504; x_wconf 87' lang='lat' dir='ltr'><strong>provectiores</strong></span> <span class='ocrx_word' id='word_1_175' title='bbox 555 2425 589 2486; x_wconf 92' lang='lat' dir='ltr'><strong>in</strong></span> <span class='ocrx_word' id='word_1_176' title='bbox 617 2434 750 2510; x_wconf 89' lang='lat' dir='ltr'><strong>utroque</strong></span> <span class='ocrx_word' id='word_1_177' title='bbox 780 2447 860 2489; x_wconf 87' lang='lat' dir='ltr'><strong>sexu</strong></span> <span class='ocrx_word' id='word_1_178' title='bbox 887 2425 1086 2490; x_wconf 86' lang='lat' dir='ltr'><strong>obtruncant.</strong></span> <span class='ocrx_word' id='word_1_179' title='bbox 1130 2424 1251 2488; x_wconf 88' lang='lat' dir='ltr'><strong>Pueros</strong></span> <span class='ocrx_word' id='word_1_180' title='bbox 1283 2422 1417 2488; x_wconf 88' lang='lat' dir='ltr'><strong>servituti</strong></span> <span class='ocrx_word' id='word_1_181' title='bbox 1460 2490 1463 2499; x_wconf 35' lang='lat'><strong>¹</strong></span> 
     </span>
    </p>
   </div>
   <div class='ocr_carea' id='block_1_5' title="bbox 309 2505 1416 2652">
    <p class='ocr_par' dir='ltr' id='par_1_6' title="bbox 309 2505 1416 2652">
     <span class='ocr_line' id='line_1_24' title="bbox 309 2505 1416 2652; baseline 0.004 -86"><span class='ocrx_word' id='word_1_182' title='bbox 309 2506 504 2652; x_wconf 66' lang='lat' dir='ltr'><strong>pranqipant,</strong></span> <span class='ocrx_word' id='word_1_183' title='bbox 532 2505 667 2571; x_wconf 86' lang='lat' dir='ltr'><strong>feminas</strong></span> <span class='ocrx_word' id='word_1_184' title='bbox 696 2529 773 2572; x_wconf 90' lang='lat' dir='ltr'><strong>vero</strong></span> <span class='ocrx_word' id='word_1_185' title='bbox 803 2531 885 2594; x_wconf 91' lang='lat' dir='ltr'><strong>quae</strong></span> <span class='ocrx_word' id='word_1_186' title='bbox 913 2509 1071 2573; x_wconf 86' lang='lat' dir='ltr'><strong>formosae</strong></span> <span class='ocrx_word' id='word_1_187' title='bbox 1097 2505 1290 2572; x_wconf 88' lang='lat' dir='ltr'><strong>videbantur</strong></span> <span class='ocrx_word' id='word_1_188' title='bbox 1314 2506 1416 2593; x_wconf 92' lang='lat' dir='ltr'><strong>prosti-</strong></span> 
     </span>
     <span class='ocr_line' id='line_1_25' title="bbox 323 2608 410 2652; baseline 0.034 -3"><span class='ocrx_word' id='word_1_189' title='bbox 323 2608 389 2650; x_wconf 91' lang='lat' dir='ltr'><strong>uun</strong></span> <span class='ocrx_word' id='word_1_190' title='bbox 403 2637 410 2652; x_wconf 88' lang='lat'><strong>.</strong></span> 
     </span>
    </p>
   </div>
   <div class='ocr_carea' id='block_1_6' title="bbox 416 2706 1325 2797">
    <p class='ocr_par' dir='ltr' id='par_1_7' title="bbox 416 2706 1325 2797">
     <span class='ocr_line' id='line_1_26' title="bbox 416 2706 1325 2797; baseline 0.003 -24"><span class='ocrx_word' id='word_1_191' title='bbox 416 2709 445 2773; x_wconf 81' lang='lat' dir='ltr'><strong>l.</strong></span> <span class='ocrx_word' id='word_1_192' title='bbox 491 2706 564 2772; x_wconf 91' lang='lat' dir='ltr'><strong>Odo</strong></span> <span class='ocrx_word' id='word_1_193' title='bbox 585 2709 673 2772; x_wconf 81' lang='lat' dir='ltr'><strong>rexd</strong></span> <span class='ocrx_word' id='word_1_194' title='bbox 696 2720 807 2774; x_wconf 88' lang='lat' dir='ltr'><strong>contra</strong></span> <span class='ocrx_word' id='word_1_195' title='bbox 828 2713 981 2796; x_wconf 81' lang='lat' dir='ltr'><strong>pyratasd</strong></span> <span class='ocrx_word' id='word_1_196' title='bbox 1004 2712 1201 2776; x_wconf 81' lang='lat' dir='ltr'><strong>exercitumd</strong></span> <span class='ocrx_word' id='word_1_197' title='bbox 1223 2721 1325 2797; x_wconf 88' lang='lat' dir='ltr'><strong>parat.</strong></span> 
     </span>
    </p>
   </div>
   <div class='ocr_carea' id='block_1_7' title="bbox 225 2807 1465 3906">
    <p class='ocr_par' dir='ltr' id='par_1_8' title="bbox 225 2807 1465 3906">
     <span class='ocr_line' id='line_1_27' title="bbox 395 2807 1465 2899; baseline 0.001 -26"><span class='ocrx_word' id='word_1_198' title='bbox 395 2807 461 2873; x_wconf 84' lang='lat' dir='ltr'><strong>Sed</strong></span> <span class='ocrx_word' id='word_1_199' title='bbox 482 2807 624 2874; x_wconf 90' lang='lat' dir='ltr'><strong>nonnulli</strong></span> <span class='ocrx_word' id='word_1_200' title='bbox 646 2812 736 2874; x_wconf 88' lang='lat' dir='ltr'><strong>vario</strong></span> <span class='ocrx_word' id='word_1_201' title='bbox 759 2822 876 2877; x_wconf 89' lang='lat' dir='ltr'><strong>eventu</strong></span> <span class='ocrx_word' id='word_1_202' title='bbox 899 2812 1008 2899; x_wconf 86' lang='lat' dir='ltr'><strong>clapsi,</strong></span> <span class='ocrx_word' id='word_1_203' title='bbox 1036 2813 1184 2899; x_wconf 89' lang='lat' dir='ltr'><strong>profugio</strong></span> <span class='ocrx_word' id='word_1_204' title='bbox 1207 2811 1323 2879; x_wconf 89' lang='lat' dir='ltr'><strong>salvati</strong></span> <span class='ocrx_word' id='word_1_205' title='bbox 1344 2819 1415 2876; x_wconf 90' lang='lat' dir='ltr'><strong>sunt.</strong></span> <span class='ocrx_word' id='word_1_206' title='bbox 1464 2879 1465 2884; x_wconf 42' lang='lat'><strong>.</strong></span> 
     </span>
     <span class='ocr_line' id='line_1_28' title="bbox 310 2889 1415 2983; baseline 0.002 -29"><span class='ocrx_word' id='word_1_207' title='bbox 310 2889 341 2954; x_wconf 85' lang='lat' dir='ltr'><strong>A</strong></span> <span class='ocrx_word' id='word_1_208' title='bbox 364 2889 479 2978; x_wconf 89' lang='lat' dir='ltr'><strong>quibus</strong></span> <span class='ocrx_word' id='word_1_209' title='bbox 501 2893 577 2957; x_wconf 92' lang='lat' dir='ltr'><strong>dum</strong></span> <span class='ocrx_word' id='word_1_210' title='bbox 599 2895 847 2979; x_wconf 84' lang='lat' dir='ltr'><strong>exagitarentur,</strong></span> <span class='ocrx_word' id='word_1_211' title='bbox 870 2919 948 2961; x_wconf 91' lang='lat' dir='ltr'><strong>mox</strong></span> <span class='ocrx_word' id='word_1_212' title='bbox 969 2896 1095 2963; x_wconf 79' lang='lat' dir='ltr'><strong>Odonie</strong></span> <span class='ocrx_word' id='word_1_213' title='bbox 1118 2899 1186 2983; x_wconf 87' lang='lat' dir='ltr'><strong>regi</strong></span> <span class='ocrx_word' id='word_1_214' title='bbox 1207 2897 1308 2962; x_wconf 89' lang='lat' dir='ltr'><strong>relata</strong></span> <span class='ocrx_word' id='word_1_215' title='bbox 1328 2897 1415 2960; x_wconf 85' lang='lat' dir='ltr'><strong>fuere.</strong></span> 
     </span>
     <span class='ocr_line' id='line_1_29' title="bbox 311 2975 1416 3068; baseline 0.002 -30"><span class='ocrx_word' id='word_1_216' title='bbox 311 2975 376 3055; x_wconf 77' lang='lat' dir='ltr'><strong>Qui</strong></span> <span class='ocrx_word' id='word_1_217' title='bbox 397 2998 503 3040; x_wconf 89' lang='lat' dir='ltr'><strong>rerum</strong></span> <span class='ocrx_word' id='word_1_218' title='bbox 525 2977 744 3062; x_wconf 91' lang='lat' dir='ltr'><strong>magnitudine</strong></span> <span class='ocrx_word' id='word_1_219' title='bbox 759 2990 873 3063; x_wconf 87' lang='lat' dir='ltr'><strong>motus,</strong></span> <span class='ocrx_word' id='word_1_220' title='bbox 896 2991 1052 3068; x_wconf 89' lang='lat' dir='ltr'><strong>quotquot</strong></span> <span class='ocrx_word' id='word_1_221' title='bbox 1067 3004 1108 3046; x_wconf 89' lang='lat' dir='ltr'><strong>ex</strong></span> <span class='ocrx_word' id='word_1_222' title='bbox 1122 2981 1299 3066; x_wconf 87' lang='lat' dir='ltr'><strong>Aquitania</strong></span> <span class='ocrx_word' id='word_1_223' title='bbox 1314 2979 1416 3067; x_wconf 91' lang='lat' dir='ltr'><strong>potuit,</strong></span> 
     </span>
     <span class='ocr_line' id='line_1_30' title="bbox 248 3057 1463 3151; baseline 0.005 -30"><span class='ocrx_word' id='word_1_224' title='bbox 248 3057 438 3124; x_wconf 73' lang='lat' dir='ltr'><strong>safedieto</strong></span> <span class='ocrx_word' id='word_1_225' title='bbox 471 3061 560 3144; x_wconf 90' lang='lat' dir='ltr'><strong>regio</strong></span> <span class='ocrx_word' id='word_1_226' title='bbox 593 3065 784 3147; x_wconf 88' lang='lat' dir='ltr'><strong>congregari</strong></span> <span class='ocrx_word' id='word_1_227' title='bbox 810 3066 955 3150; x_wconf 90' lang='lat' dir='ltr'><strong>precepit</strong></span> <span class='ocrx_word' id='word_1_228' title='bbox 986 3064 1102 3130; x_wconf 88' lang='lat' dir='ltr'><strong>milites</strong></span> <span class='ocrx_word' id='word_1_229' title='bbox 1134 3065 1331 3151; x_wconf 86' lang='lat' dir='ltr'><strong>peditesque.</strong></span> <span class='ocrx_word' id='word_1_230' title='bbox 1371 3062 1417 3126; x_wconf 80' lang='lat' dir='ltr'><strong>Ex</strong></span> <span class='ocrx_word' id='word_1_231' title='bbox 1459 3070 1463 3097; x_wconf 77' lang='lat'>²</span> 
     </span>
     <span class='ocr_line' id='line_1_31' title="bbox 310 3143 1463 3236; baseline 0.003 -30"><span class='ocrx_word' id='word_1_232' title='bbox 310 3143 476 3208; x_wconf 91' lang='lat' dir='ltr'><strong>Provintia</strong></span> <span class='ocrx_word' id='word_1_233' title='bbox 519 3165 633 3231; x_wconf 91' lang='lat' dir='ltr'><strong>uoque,</strong></span> <span class='ocrx_word' id='word_1_234' title='bbox 656 3169 738 3232; x_wconf 90' lang='lat' dir='ltr'><strong>quae</strong></span> <span class='ocrx_word' id='word_1_235' title='bbox 753 3147 908 3212; x_wconf 91' lang='lat' dir='ltr'><strong>Rhodano</strong></span> <span class='ocrx_word' id='word_1_236' title='bbox 931 3158 962 3212; x_wconf 88' lang='lat' dir='ltr'><strong>et</strong></span> <span class='ocrx_word' id='word_1_237' title='bbox 976 3148 1113 3234; x_wconf 82' lang='lat' dir='ltr'><strong>Alpibus</strong></span> <span class='ocrx_word' id='word_1_238' title='bbox 1135 3151 1281 3236; x_wconf 89' lang='lat' dir='ltr'><strong>marique</strong></span> <span class='ocrx_word' id='word_1_239' title='bbox 1303 3170 1341 3213; x_wconf 91' lang='lat' dir='ltr'><strong>ac</strong></span> <span class='ocrx_word' id='word_1_240' title='bbox 1362 3146 1416 3212; x_wconf 81' lang='lat' dir='ltr'><strong>Go-</strong></span> <span class='ocrx_word' id='word_1_241' title='bbox 1460 3168 1463 3179; x_wconf 93' lang='lat'>·</span> 
     </span>
     <span class='ocr_line' id='line_1_32' title="bbox 309 3166 1463 3318; baseline 0.002 -28"><span class='ocrx_word' id='word_1_242' title='bbox 309 3226 437 3291; x_wconf 87' lang='lat' dir='ltr'><strong>thorum</strong></span> <span class='ocrx_word' id='word_1_243' title='bbox 458 3166 574 3292; x_wconf 68' lang='lat' dir='ltr'><strong>finibus</strong></span> <span class='ocrx_word' id='word_1_244' title='bbox 595 3231 845 3318; x_wconf 86' lang='lat' dir='ltr'><strong>circumquaque</strong></span> <span class='ocrx_word' id='word_1_245' title='bbox 867 3231 1014 3314; x_wconf 88' lang='lat' dir='ltr'><strong>ambitur,</strong></span> <span class='ocrx_word' id='word_1_246' title='bbox 1041 3231 1243 3298; x_wconf 86' lang='lat' dir='ltr'><strong>Arelatenses</strong></span> <span class='ocrx_word' id='word_1_247' title='bbox 1265 3255 1305 3298; x_wconf 90' lang='lat' dir='ltr'><strong>ac</strong></span> <span class='ocrx_word' id='word_1_248' title='bbox 1326 3231 1417 3296; x_wconf 84' lang='lat' dir='ltr'><strong>Aura-</strong></span> <span class='ocrx_word' id='word_1_249' title='bbox 1460 3258 1463 3269; x_wconf 71' lang='lat'>¹</span> 
     </span>
     <span class='ocr_line' id='line_1_33' title="bbox 310 3311 1463 3402; baseline -0.001 -26"><span class='ocrx_word' id='word_1_250' title='bbox 310 3313 456 3376; x_wconf 84' lang='lat' dir='ltr'><strong>sicanos²</strong></span> <span class='ocrx_word' id='word_1_251' title='bbox 478 3311 598 3378; x_wconf 90' lang='lat' dir='ltr'><strong>habuit.</strong></span> <span class='ocrx_word' id='word_1_252' title='bbox 644 3313 710 3378; x_wconf 81' lang='lat' dir='ltr'><strong>sed</strong></span> <span class='ocrx_word' id='word_1_253' title='bbox 731 3325 819 3380; x_wconf 90' lang='lat' dir='ltr'><strong>etex</strong></span> <span class='ocrx_word' id='word_1_254' title='bbox 835 3315 952 3381; x_wconf 78' lang='lat' dir='ltr'><strong>Gothia</strong></span> <span class='ocrx_word' id='word_1_255' title='bbox 967 3315 1164 3382; x_wconf 86' lang='lat' dir='ltr'><strong>Tholosanos</strong></span> <span class='ocrx_word' id='word_1_256' title='bbox 1180 3326 1276 3402; x_wconf 89' lang='lat' dir='ltr'><strong>atque</strong></span> <span class='ocrx_word' id='word_1_257' title='bbox 1291 3315 1417 3380; x_wconf 87' lang='lat' dir='ltr'><strong>Nemau-</strong></span> <span class='ocrx_word' id='word_1_258' title='bbox 1460 3338 1463 3351; x_wconf 70' lang='lat'>¹</span> 
     </span>
     <span class='ocr_line' id='line_1_34' title="bbox 311 3395 1418 3485; baseline -0.001 -24"><span class='ocrx_word' id='word_1_259' title='bbox 311 3398 399 3461; x_wconf 84' lang='lat' dir='ltr'><strong>sinos</strong></span> <span class='ocrx_word' id='word_1_260' title='bbox 407 3405 428 3460; x_wconf 83' lang='lat'><strong>³.</strong></span> <span class='ocrx_word' id='word_1_261' title='bbox 473 3395 598 3477; x_wconf 80' lang='lat' dir='ltr'><strong>Quibus</strong></span> <span class='ocrx_word' id='word_1_262' title='bbox 626 3397 775 3482; x_wconf 90' lang='lat' dir='ltr'><strong>collectis,</strong></span> <span class='ocrx_word' id='word_1_263' title='bbox 799 3401 956 3465; x_wconf 88' lang='lat' dir='ltr'><strong>exercitus</strong></span> <span class='ocrx_word' id='word_1_264' title='bbox 977 3401 1085 3485; x_wconf 84' lang='lat' dir='ltr'><strong>regius</strong></span> <span class='ocrx_word' id='word_1_265' title='bbox 1106 3402 1138 3464; x_wconf 92' lang='lat' dir='ltr'><strong>in</strong></span> <span class='ocrx_word' id='word_1_266' title='bbox 1161 3399 1273 3465; x_wconf 86' lang='lat' dir='ltr'><strong>decern</strong></span> <span class='ocrx_word' id='word_1_267' title='bbox 1301 3397 1418 3463; x_wconf 86' lang='lat' dir='ltr'><strong>milibus</strong></span> 
     </span>
     <span class='ocr_line' id='line_1_35' title="bbox 311 3479 1465 3568; baseline -0.003 -23"><span class='ocrx_word' id='word_1_268' title='bbox 311 3481 463 3566; x_wconf 91' lang='lat' dir='ltr'><strong>equitum,</strong></span> <span class='ocrx_word' id='word_1_269' title='bbox 520 3479 640 3544; x_wconf 91' lang='lat' dir='ltr'><strong>editum</strong></span> <span class='ocrx_word' id='word_1_270' title='bbox 668 3505 744 3547; x_wconf 88' lang='lat' dir='ltr'><strong>vero</strong></span> <span class='ocrx_word' id='word_1_271' title='bbox 773 3507 832 3548; x_wconf 86' lang='lat' dir='ltr'><strong>sex</strong></span> <span class='ocrx_word' id='word_1_272' title='bbox 862 3483 990 3549; x_wconf 88' lang='lat' dir='ltr'><strong>milibus</strong></span> <span class='ocrx_word' id='word_1_273' title='bbox 1021 3494 1097 3549; x_wconf 92' lang='lat' dir='ltr'><strong>erat.</strong></span> <span class='ocrx_word' id='word_1_274' title='bbox 1140 3483 1293 3548; x_wconf 89' lang='lat' dir='ltr'><strong>Procedit</strong></span> <span class='ocrx_word' id='word_1_275' title='bbox 1320 3485 1417 3568; x_wconf 88' lang='lat' dir='ltr'><strong>itaque</strong></span> <span class='ocrx_word' id='word_1_276' title='bbox 1464 3505 1465 3510; x_wconf 47' lang='lat'>¹</span> 
     </span>
     <span class='ocr_line' id='line_1_36' title="bbox 312 3503 1416 3652; baseline 0 -26"><span class='ocrx_word' id='word_1_277' title='bbox 312 3585 403 3627; x_wconf 90' lang='lat' dir='ltr'><strong>secus</strong></span> <span class='ocrx_word' id='word_1_278' title='bbox 418 3503 634 3646; x_wconf 38' lang='lat' dir='ltr'><strong>Badiam&amp;</strong></span> <span class='ocrx_word' id='word_1_279' title='bbox 650 3568 753 3630; x_wconf 85' lang='lat' dir='ltr'><strong>sancti</strong></span> <span class='ocrx_word' id='word_1_280' title='bbox 766 3567 883 3631; x_wconf 89' lang='lat' dir='ltr'><strong>Iuliani</strong></span> <span class='ocrx_word' id='word_1_281' title='bbox 897 3569 1036 3632; x_wconf 88' lang='lat' dir='ltr'><strong>martiris</strong></span> <span class='ocrx_word' id='word_1_282' title='bbox 1052 3577 1192 3632; x_wconf 90' lang='lat' dir='ltr'><strong>castrum</strong></span> <span class='ocrx_word' id='word_1_283' title='bbox 1200 3569 1224 3650; x_wconf 76' lang='lat' dir='ltr'><strong>b,</strong></span> <span class='ocrx_word' id='word_1_284' title='bbox 1243 3568 1304 3632; x_wconf 90' lang='lat' dir='ltr'><strong>iter</strong></span> <span class='ocrx_word' id='word_1_285' title='bbox 1318 3586 1416 3652; x_wconf 86' lang='lat' dir='ltr'><strong>agens.</strong></span> 
     </span>
     <span class='ocr_line' id='line_1_37' title="bbox 312 3646 1417 3738; baseline 0 -28"><span class='ocrx_word' id='word_1_286' title='bbox 312 3646 529 3732; x_wconf 82' lang='lat' dir='ltr'><strong>Sanctumque</strong></span> <span class='ocrx_word' id='word_1_287' title='bbox 556 3649 653 3732; x_wconf 85' lang='lat' dir='ltr'><strong>regiis</strong></span> <span class='ocrx_word' id='word_1_288' title='bbox 678 3650 769 3714; x_wconf 85' lang='lat' dir='ltr'><strong>donis</strong></span> <span class='ocrx_word' id='word_1_289' title='bbox 799 3661 978 3735; x_wconf 89' lang='lat' dir='ltr'><strong>veneratus,</strong></span> <span class='ocrx_word' id='word_1_290' title='bbox 1000 3650 1212 3717; x_wconf 85' lang='lat' dir='ltr'><strong>Arvernicum</strong></span> <span class='ocrx_word' id='word_1_291' title='bbox 1238 3673 1358 3738; x_wconf 86' lang='lat' dir='ltr'><strong>pagum</strong></span> <span class='ocrx_word' id='word_1_292' title='bbox 1378 3649 1417 3712; x_wconf 90' lang='lat' dir='ltr'><strong>in·</strong></span> 
     </span>
     <span class='ocr_line' id='line_1_38' title="bbox 334 3729 1416 3822; baseline 0.001 -30"><span class='ocrx_word' id='word_1_293' title='bbox 334 3729 462 3793; x_wconf 87' lang='lat' dir='ltr'><strong>reditur.</strong></span> <span class='ocrx_word' id='word_1_294' title='bbox 506 3729 580 3793; x_wconf 91' lang='lat' dir='ltr'><strong>Huc</strong></span> <span class='ocrx_word' id='word_1_295' title='bbox 601 3733 666 3795; x_wconf 92' lang='lat' dir='ltr'><strong>iam</strong></span> <span class='ocrx_word' id='word_1_296' title='bbox 687 3733 792 3798; x_wconf 87' lang='lat' dir='ltr'><strong>hostes</strong></span> <span class='ocrx_word' id='word_1_297' title='bbox 815 3735 1011 3801; x_wconf 89' lang='lat' dir='ltr'><strong>advenerant</strong></span> <span class='ocrx_word' id='word_1_298' title='bbox 1025 3757 1063 3800; x_wconf 90' lang='lat' dir='ltr'><strong>ac</strong></span> <span class='ocrx_word' id='word_1_299' title='bbox 1078 3745 1217 3800; x_wconf 87' lang='lat' dir='ltr'><strong>castrum</strong></span> <span class='ocrx_word' id='word_1_300' title='bbox 1233 3735 1320 3822; x_wconf 87' lang='lat' dir='ltr'><strong>quod</strong></span> <span class='ocrx_word' id='word_1_301' title='bbox 1333 3733 1416 3798; x_wconf 89' lang='lat' dir='ltr'><strong>Mons</strong></span> 
     </span>
     <span class='ocr_line' id='line_1_39' title="bbox 225 3752 1465 3906; baseline 0.001 -28"><span class='ocrx_word' id='word_1_302' title='bbox 225 3752 473 3881; x_wconf 67' lang='lat' dir='ltr'><strong>r01.a¹.l&#39;anchei⁵</strong></span> <span class='ocrx_word' id='word_1_303' title='bbox 489 3813 605 3879; x_wconf 90' lang='lat' dir='ltr'><strong>dicitur</strong></span> <span class='ocrx_word' id='word_1_304' title='bbox 618 3815 798 3882; x_wconf 90' lang='lat' dir='ltr'><strong>vehementi</strong></span> <span class='ocrx_word' id='word_1_305' title='bbox 811 3819 981 3885; x_wconf 89' lang='lat' dir='ltr'><strong>hostilitate</strong></span> <span class='ocrx_word' id='word_1_306' title='bbox 995 3819 1192 3906; x_wconf 88' lang='lat' dir='ltr'><strong>premebant.</strong></span> <span class='ocrx_word' id='word_1_307' title='bbox 1237 3820 1328 3884; x_wconf 88' lang='lat' dir='ltr'><strong>*Rex</strong></span> <span class='ocrx_word' id='word_1_308' title='bbox 1341 3817 1417 3904; x_wconf 91' lang='lat' dir='ltr'><strong>prin·</strong></span> <span class='ocrx_word' id='word_1_309' title='bbox 1462 3821 1465 3888; x_wconf 67' lang='lat' dir='ltr'><strong>l</strong></span> 
     </span>
    </p>
   </div>
   <div class='ocr_carea' id='block_1_8' title="bbox 384 3891 1465 4078">
    <p class='ocr_par' dir='ltr' id='par_1_9' title="bbox 384 3891 1465 4078">
     <span class='ocr_line' id='line_1_40' title="bbox 384 3891 1465 4078; baseline 0.016 -73"><span class='ocrx_word' id='word_1_310' title='bbox 384 3955 409 4024; x_wconf 81' lang='grc'><strong>*)</strong></span> <span class='ocrx_word' id='word_1_311' title='bbox 429 3957 447 4009; x_wconf 90' lang='lat' dir='ltr'><strong>l.</strong></span> <span class='ocrx_word' id='word_1_312' title='bbox 468 3961 600 4012; x_wconf 83' lang='lat' dir='ltr'><strong>maritima</strong></span> <span class='ocrx_word' id='word_1_313' title='bbox 621 3963 645 4013; x_wconf 93' lang='lat'><strong>1.</strong></span> <span class='ocrx_word' id='word_1_314' title='bbox 721 3961 758 4030; x_wconf 70' lang='lat' dir='ltr'><strong>”J</strong></span> <span class='ocrx_word' id='word_1_315' title='bbox 777 3966 909 4016; x_wconf 72' lang='lat' dir='ltr'><strong>Francius</strong></span> <span class='ocrx_word' id='word_1_316' title='bbox 927 3966 952 4016; x_wconf 95' lang='lat'><strong>1.</strong></span> <span class='ocrx_word' id='word_1_317' title='bbox 1190 4024 1193 4029; x_wconf 92' lang='lat'><strong>.</strong></span> <span class='ocrx_word' id='word_1_318' title='bbox 1462 3891 1465 4078; x_wconf 68' lang='grc'>1</span> 
     </span>
    </p>
   </div>
   <div class='ocr_carea' id='block_1_9' title="bbox 310 4059 1463 4197">
    <p class='ocr_par' dir='ltr' id='par_1_10' title="bbox 310 4059 1463 4197">
     <span class='ocr_line' id='line_1_41' title="bbox 369 4059 1463 4145; baseline 0.005 -21"><span class='ocrx_word' id='word_1_319' title='bbox 369 4083 392 4137; x_wconf 82' lang='lat' dir='ltr'><strong>a)</strong></span> <span class='ocrx_word' id='word_1_320' title='bbox 409 4085 548 4136; x_wconf 82' lang='lat' dir='ltr'><strong>prebuerant</strong></span> <span class='ocrx_word' id='word_1_321' title='bbox 565 4091 584 4128; x_wconf 94' lang='lat'><strong>1.</strong></span> <span class='ocrx_word' id='word_1_322' title='bbox 645 4087 671 4140; x_wconf 86' lang='lat' dir='ltr'><strong>b)</strong></span> <span class='ocrx_word' id='word_1_323' title='bbox 682 4095 733 4139; x_wconf 75' lang='lat' dir='ltr'><strong>poet</strong></span> <span class='ocrx_word' id='word_1_324' title='bbox 748 4091 798 4131; x_wconf 76' lang='lat' dir='ltr'><strong>add.</strong></span> <span class='ocrx_word' id='word_1_325' title='bbox 853 4090 873 4142; x_wconf 88' lang='lat' dir='ltr'><strong>c)</strong></span> <span class='ocrx_word' id='word_1_326' title='bbox 889 4067 1011 4132; x_wconf 77' lang='lat' dir='ltr'><strong>secessisse</strong></span> <span class='ocrx_word' id='word_1_327' title='bbox 1028 4093 1049 4134; x_wconf 91' lang='lat'><strong>1.</strong></span> <span class='ocrx_word' id='word_1_328' title='bbox 1109 4090 1132 4144; x_wconf 86' lang='lat' dir='ltr'><strong>d)</strong></span> <span class='ocrx_word' id='word_1_329' title='bbox 1150 4105 1172 4145; x_wconf 86' lang='lat' dir='ltr'><strong>x,</strong></span> <span class='ocrx_word' id='word_1_330' title='bbox 1188 4102 1254 4145; x_wconf 76' lang='lat' dir='ltr'><strong>pyra,</strong></span> <span class='ocrx_word' id='word_1_331' title='bbox 1271 4093 1352 4134; x_wconf 86' lang='lat' dir='ltr'><strong>rcitum</strong></span> <span class='ocrx_word' id='word_1_332' title='bbox 1366 4087 1414 4129; x_wconf 70' lang='lat' dir='ltr'><strong>abac·</strong></span> <span class='ocrx_word' id='word_1_333' title='bbox 1462 4059 1463 4077; x_wconf 36' lang='lat'><em>³</em></span> 
     </span>
     <span class='ocr_line' id='line_1_42' title="bbox 310 4143 734 4197; baseline 0.007 -12"><span class='ocrx_word' id='word_1_334' title='bbox 310 4143 332 4195; x_wconf 80' lang='lat' dir='ltr'><strong>e)</strong></span> <span class='ocrx_word' id='word_1_335' title='bbox 350 4143 376 4185; x_wconf 91' lang='lat'><strong>0.</strong></span> <span class='ocrx_word' id='word_1_336' title='bbox 392 4156 408 4186; x_wconf 87' lang='lat' dir='ltr'><strong>c.</strong></span> <span class='ocrx_word' id='word_1_337' title='bbox 422 4146 554 4196; x_wconf 76' lang='lat' dir='ltr'><strong>plerumque.</strong></span> <span class='ocrx_word' id='word_1_338' title='bbox 614 4145 632 4197; x_wconf 76' lang='lat' dir='ltr'><strong>f)</strong></span> <span class='ocrx_word' id='word_1_339' title='bbox 650 4158 679 4188; x_wconf 82' lang='lat' dir='ltr'><strong>ax</strong></span> <span class='ocrx_word' id='word_1_340' title='bbox 694 4149 734 4188; x_wconf 73' lang='lat' dir='ltr'><strong>aaz.</strong></span> 
     </span>
    </p>
   </div>
   <div class='ocr_carea' id='block_1_10' title="bbox 310 4249 1465 4422">
    <p class='ocr_par' dir='ltr' id='par_1_11' title="bbox 310 4249 1465 4422">
     <span class='ocr_line' id='line_1_43' title="bbox 384 4249 1463 4334; baseline 0.004 -24"><span class='ocrx_word' id='word_1_341' title='bbox 384 4259 412 4326; x_wconf 91' lang='lat'><strong>1)</strong></span> <span class='ocrx_word' id='word_1_342' title='bbox 431 4259 471 4311; x_wconf 86' lang='lat' dir='ltr'><strong>Le</strong></span> <span class='ocrx_word' id='word_1_343' title='bbox 490 4261 556 4326; x_wconf 89' lang='lat' dir='ltr'><strong>Puy,</strong></span> <span class='ocrx_word' id='word_1_344' title='bbox 582 4276 665 4328; x_wconf 88' lang='lat' dir='ltr'><strong>prope</strong></span> <span class='ocrx_word' id='word_1_345' title='bbox 688 4261 775 4313; x_wconf 81' lang='lat' dir='ltr'><strong>fontes</strong></span> <span class='ocrx_word' id='word_1_346' title='bbox 794 4262 908 4329; x_wconf 77' lang='lat' dir='ltr'><strong>Ligeris.</strong></span> <span class='ocrx_word' id='word_1_347' title='bbox 984 4263 1013 4331; x_wconf 81' lang='lat'><strong>2)</strong></span> <span class='ocrx_word' id='word_1_348' title='bbox 1032 4265 1142 4317; x_wconf 84' lang='lat' dir='ltr'><strong>Incolae</strong></span> <span class='ocrx_word' id='word_1_349' title='bbox 1166 4268 1232 4334; x_wconf 79' lang='lat' dir='ltr'><strong>pagi</strong></span> <span class='ocrx_word' id='word_1_350' title='bbox 1252 4269 1326 4318; x_wconf 90' lang='lat' dir='ltr'><strong>cuius</strong></span> <span class='ocrx_word' id='word_1_351' title='bbox 1346 4264 1415 4330; x_wconf 84' lang='lat' dir='ltr'><strong>caput</strong></span> <span class='ocrx_word' id='word_1_352' title='bbox 1462 4249 1463 4254; x_wconf 27' lang='lat'>¹</span> 
     </span>
     <span class='ocr_line' id='line_1_44' title="bbox 310 4331 1465 4422; baseline 0.004 -42"><span class='ocrx_word' id='word_1_353' title='bbox 310 4331 427 4397; x_wconf 82' lang='lat' dir='ltr'><strong>Orsnge.</strong></span> <span class='ocrx_word' id='word_1_354' title='bbox 484 4331 514 4398; x_wconf 86' lang='grc'><strong>3)</strong></span> <span class='ocrx_word' id='word_1_355' title='bbox 534 4335 612 4384; x_wconf 86' lang='lat' dir='ltr'><strong>Haec</strong></span> <span class='ocrx_word' id='word_1_356' title='bbox 632 4336 722 4385; x_wconf 87' lang='lat' dir='ltr'><strong>omnia</strong></span> <span class='ocrx_word' id='word_1_357' title='bbox 742 4335 839 4386; x_wconf 84' lang='lat' dir='ltr'><strong>dubiae</strong></span> <span class='ocrx_word' id='word_1_358' title='bbox 853 4335 1000 4390; x_wconf 87' lang='lat' dir='ltr'><strong>fideisunt.</strong></span> <span class='ocrx_word' id='word_1_359' title='bbox 1057 4339 1086 4405; x_wconf 86' lang='lat'><strong>4)</strong></span> <span class='ocrx_word' id='word_1_360' title='bbox 1106 4341 1232 4392; x_wconf 88' lang='lat' dir='ltr'><strong>Brioude.</strong></span> <span class='ocrx_word' id='word_1_361' title='bbox 1289 4337 1319 4406; x_wconf 85' lang='lat'><strong>5)</strong></span> <span class='ocrx_word' id='word_1_362' title='bbox 1337 4339 1414 4390; x_wconf 86' lang='lat' dir='ltr'><strong>Mont·</strong></span> <span class='ocrx_word' id='word_1_363' title='bbox 1464 4361 1465 4422; x_wconf 72' lang='lat'><strong>,</strong></span> 
     </span>
    </p>
   </div>
   <div class='ocr_carea' id='block_1_11' title="bbox 309 4405 1279 4479">
    <p class='ocr_par' dir='ltr' id='par_1_12' title="bbox 309 4405 1279 4479">
     <span class='ocr_line' id='line_1_45' title="bbox 309 4405 1279 4479; baseline 0.011 -26"><span class='ocrx_word' id='word_1_364' title='bbox 309 4405 424 4470; x_wconf 85' lang='lat' dir='ltr'><strong>pensier,</strong></span> <span class='ocrx_word' id='word_1_365' title='bbox 445 4420 459 4456; x_wconf 90' lang='lat' dir='ltr'><strong>e</strong></span> <span class='ocrx_word' id='word_1_366' title='bbox 479 4407 586 4458; x_wconf 83' lang='lat' dir='ltr'><strong>sinistra</strong></span> <span class='ocrx_word' id='word_1_367' title='bbox 605 4407 728 4460; x_wconf 82' lang='lat' dir='ltr'><strong>Elaveris</strong></span> <span class='ocrx_word' id='word_1_368' title='bbox 747 4425 829 4478; x_wconf 85' lang='lat' dir='ltr'><strong>prope</strong></span> <span class='ocrx_word' id='word_1_369' title='bbox 849 4410 1025 4479; x_wconf 77' lang='lat' dir='ltr'><strong>higuepsrse,</strong></span> <span class='ocrx_word' id='word_1_370' title='bbox 1044 4413 1113 4464; x_wconf 82' lang='lat' dir='ltr'><strong>intra</strong></span> <span class='ocrx_word' id='word_1_371' title='bbox 1134 4413 1279 4466; x_wconf 83' lang='lat' dir='ltr'><strong>Olsrmont.</strong></span> 
     </span>
    </p>
   </div>
   <div class='ocr_carea' id='block_1_12' title="bbox 0 0 1474 5012">
    <p class='ocr_par' dir='ltr' id='par_1_13' title="bbox 0 0 1474 5012">
     <span class='ocr_line' id='line_1_46' title="bbox 0 0 1474 5012; baseline 0 0"><span class='ocrx_word' id='word_1_372' title='bbox 0 0 1474 5012; x_wconf 95' lang='lat' dir='ltr'><strong> </strong></span> 
     </span>
    </p>
   </div>
  </div>
 </body>
</html>
