2936 5010
341 394 392 446 108
600 395 754 447 monam
772 395 1025 448 HISTORIARUM
1043 393 1155 446 LIBER
1173 395 1227 447 111.

278 579 330 624 ero.
563 563 612 630 62.
657 563 769 644 Quae¹
793 564 834 627 sit
855 583 953 628 causa
975 563 1094 628 conditi
1115 563 1237 628 mundi.

425 663 584 747 Quicum
606 687 626 728 a
648 665 820 746 Gerberto,
848 673 884 730 ut
910 668 1051 753 apertius
1081 664 1159 752 quid
1185 663 1282 730 vellet
1308 664 1438 744 ediceret,

339 759 513 834 rogaretur,
535 759 642 814 utrum
664 748 814 815 videlicet
843 771 973 814 eausam
997 773 1061 836 qua
1082 751 1211 815 inventa
1233 760 1290 832 est,
1320 771 1360 812 an
1379 769 1438 812 eau-

340 853 408 898 sam
431 835 483 898 cui
503 835 633 899 inventa
654 833 796 915 debetur,
823 832 875 898 ille
898 855 990 898 mox:
1020 834 1044 897 ‘l
1072 836 1159 916 sam',
1181 835 1294 920 inquit,
1317 840 1438 898 ‘causan
1461 851 1462 878 l

340 917 422 1000 dico,
443 928 692 1018 propterquam
715 919 843 982 inventa
864 917 1010 983 videtur'.
1048 857 1144 982 lunc
1165 939 1241 982 vero
1265 918 1438 983 Gerbertus:

340 1001 530 1086 ‘Quomam',
552 1003 664 1089 inquit,
692 1008 787 1066 ‘nunc
807 1011 895 1088 patet
916 1001 995 1089 quid
1015 1023 1187 1089 proponas,
1210 1001 1293 1083 ideo,
1316 1003 1438 1087 inquam,

339 1087 469 1151 inventa
496 1095 558 1168 est,
587 1097 624 1152 ut
645 1109 687 1151 ex
708 1107 747 1150 ea
768 1106 999 1185 cognoscamus
1028 1087 1137 1151 divina
1159 1095 1190 1150 et
1210 1085 1368 1150 humana’.
1405 1083 1439 1146 Et

341 1169 487 1235 Otricus:
510 1169 604 1254 ‘Our',
626 1171 739 1256 inquit,
761 1177 864 1234 ‘umus
879 1171 925 1236 rei
940 1191 1070 1234 causam
1085 1179 1133 1235 tot
1148 1168 1343 1235 dictionibus
1356 1170 1439 1232 nomi-

339 1255 440 1336 nasti,
462 1275 535 1319 cum
556 1275 597 1318 ex
611 1276 675 1318 una
689 1253 831 1320 fortassis
846 1255 1004 1318 nominari
1018 1255 1132 1340 potuit,
1147 1265 1180 1319 et
1192 1252 1439 1341 philosophorum

340 1339 380 1402 sit
401 1336 549 1403 brevitati
570 1337 719 1406 studere?

340 1451 391 1519 63.
435 1449 532 1532 Quod
553 1471 617 1514 non
639 1451 746 1515 omnia
765 1451 895 1598 nonpna
916 1471 1085 1514 causarum
1106 1447 1240 1535 singulis
1264 1446 1440 1514 dictionibus

806 1557 822 1599 e
848 1543 987 1599 cruntur.

425 1635 599 1703 Gerbertus
628 1659 771 1723 quoque:
801 1635 882 1700 ‘Non
913 1637 1047 1720 cinnes’,
1075 1637 1195 1723 inquit,
1229 1643 1358 1702 ‘causae
1389 1655 1441 1699 uno

339 1719 446 1784 valent
467 1721 595 1785 nomine
616 1720 760 1806 proferri.
803 1720 931 1786 Etenim
954 1743 1027 1786 cum
1048 1720 1214 1785 aPlatone
1237 1741 1338 1786 causa
1359 1719 1442 1784 creati

340 1803 451 1867 mundi
478 1825 542 1868 non
568 1825 633 1868 una
660 1804 716 1868 sed
743 1803 844 1870 tribus
874 1803 1067 1870 dictionibus
1102 1804 1188 1870 bona
1219 1804 1284 1870 Dei
1309 1803 1441 1869 voluntas

341 1884 501 1952 declarata
522 1889 571 1969 sit,
601 1897 734 1967 constat,
763 1889 845 1952 hanc
869 1890 966 1952 creati
988 1888 1100 1952 mundi
1127 1910 1257 1953 causam
1279 1911 1346 1953 non
1366 1888 1441 1952 aliter

340 1971 483 2056 potuisse
505 1970 649 2056 proferri.
693 1972 775 2036 Nam
799 1975 826 2036 si
849 1972 991 2055 dixisset,
1012 1971 1209 2038 voluntatem
1232 1995 1364 2038 causam
1386 1993 1441 2036 esse

340 2053 462 2138 mundi,
483 2076 547 2118 non
568 2053 621 2120 id‘¹
651 2066 734 2123 esset
763 2078 976 2144 consequens3
1008 2055 1169 2142 quaelibet
1194 2059 1280 2122 enirn
1309 2055 1440 2122 voluntas

338 2138 372 2204 id
396 2161 466 2204 esse
487 2138 657 2224 videretur,
708 2140 773 2205 uod
801 2163 865 2206 non
886 2140 1048 2226 procedit’.
1091 2140 1198 2240 Atque
1227 2141 1281 2206 hic
1311 2137 1464 2207 Otn'eusz*

340 2223 404 2308 (δί’,
428 2225 540 2311 inquit,
571 2223 643 2289 ‘Dei
664 2163 861 2290 vduntatem
884 2246 1012 2289 causam
1035 2225 1156 2290 conditr
1175 2225 1288 2290 mundi
1311 2225 1440 2302 dixisset,
1463 2287 1464 2290 ,

338 2309 468 2375 brevius
491 2308 620 2395 quidem
643 2319 674 2374 et
695 2310 888 2375 sufficienter
914 2309 1037 2374 dictum
1064 2307 1154 2390 foret,
1184 2331 1257 2374 cum
1279 2330 1441 2394 numquam

338 2395 401 2458 nisi
427 2392 512 2458 bona
545 2393 640 2458 fuerit
664 2393 729 2458 Dei
757 2391 912 2458 voluntas.
956 2393 1029 2457 Non
1058 2394 1142 2458 enirn
1164 2403 1212 2458 est
1240 2395 1296 2480 qui
1326 2391 1440 2471 abnuat,

339 2477 458 2542 bonam
481 2499 550 2542 esee
570 2477 634 2544 Dei
653 2477 866 2543 voluntatem'.
903 2477 946 2541 Et
961 2475 1154 2542 Gerbertus:
1177 2479 1225 2542 ‘ln
1239 2477 1321 2560 boc’,
1343 2478 1441 2563 inquit,

341 2562 478 2646 ‘penitus
510 2583 574 2625 non
607 2561 799 2626 contradico.
856 2560 920 2627 Sed
951 2562 1041 2644 vide3
1104 2563 1157 2626 uia
1190 2572 1317 2627 constat
1347 2562 1441 2626 Deum

339 2645 537 2709 substantiab
564 2644 763 2711 solummodo
795 2647 929 2726 bonum,
964 2583 1138 2732 quamlibet
1167 2668 1244 2711 vero
1278 2655 1442 2711 creaturam

363 2729 583 2813 anticipatione
605 2728 732 2810 bonam,
760 2729 801 2794 ad
823 2731 891 2794 eius
913 2740 1045 2794 naturae
1069 2728 1255 2816 qua-litatem
1277 2731 1442 2815 exprimen—
1464 2771 1465 2798 ,

339 2750 414 2876 dam
436 2811 537 2876 ‘bona'
559 2813 702 2880 additum
718 2823 774 2896 est,
796 2813 930 2899 quodid
945 2815 1193 2914 eiusproprium
1210 2815 1260 2896 sit,
1279 2835 1344 2878 non
1358 2815 1441 2878 etiam
1464 2815 1465 2830 ¹

226 2917 285 2962 ἰοι.
294 2921 329 2961 ar.
341 2893 512 2962 cuiuslibet
541 2908 712 2962 creaturae.
756 2897 919 2962 *Tandem
927 2909 948 2980 ⁰,
977 2897 1131 2984 quicquid
1157 2897 1236 2962 illud
1258 2900 1308 2978 sit,
1331 2898 1364 2962 id
1385 2897 1442 2960 sine

340 2978 439 3127 qlubio
461 2989 592 3094 constat,
615 3004 679 3046 non
702 2984 808 3047 omnia
823 3003 989 3046 causarum
1004 2983 1134 3046 nomina
1148 3004 1213 3046 una
1228 2981 1366 3047 dictione
1380 3001 1442 3067 pro-

354 3087 416 3130 crn
437 3086 549 3150 posse.

586 3187 636 3252 64.
681 3186 794 3268 Quae(i
816 3187 876 3252 sit‘l
899 3188 1016 3252 causa‘l
1038 3187 1200 3253 umbrae‘l.

423 3288 525 3370 ‘Quae
548 3291 634 3354 enim
656 3288 714 3354 tibi
735 3287 867 3354 umbrae
890 3310 987 3353 causa
1007 3289 1156 3353 videtur?
1198 3289 1252 3354 An
1281 3288 1359 3354 haec
1387 3306 1442 3350 una

222 3379 260 3437 '1³-
276 3387 327 3427 ⁶21·
339 3373 478 3438 dictione
499 3373 635 3438 indicari
656 3373 763 3439 valet?
799 3373 881 3438 *Sed
904 3372 985 3455 dico,
1008 3373 1141 3439 umbrae
1154 3395 1285 3438 causam
1300 3393 1368 3438 esse
1385 3392 1442 3465 cor:

338 3479 399 3542 pus
425 3457 489 3522 luci
519 3457 691 3523 obiectum.
741 3459 848 3544 Atque
881 3457 959 3522 baec
990 3458 1120 3522 brevius
1152 3457 1239 3522 nullo
1266 3457 1362 3522 modo
1388 3455 1443 3517 diu

337 3539 433 3606 valet.
478 3541 513 3606 si
535 3545 620 3606 enim
641 3563 758 3628 corpus
785 3540 918 3606 umbrae
943 3562 1074 3605 causam
1096 3541 1227 3624 dixeris,
1248 3543 1345 3606 nimis
1366 3561 1444 3605 com·

338 3645 433 3689 mune
454 3623 623 3710 protulisti.
660 3625 755 3705 Quod
778 3626 807 3689 si
828 3631 945 3711 corpus'
967 3623 1127 3690 obiectum
1148 3625 1300 3704 volueris,
1320 3625 1354 3690 id
1374 3643 1443 3708 quo-

339 3727 401 3856 que
422 3718 544 3772 tantum
567 3731 631 3773 non
652 3710 805 3794 procedit,
851 3720 981 3774 uantum
1003 3708 1044 3773 ab
1066 3708 1127 3774 hac
1148 3719 1240 3795 parte
1254 3709 1334 3775 relin
1356 3709 1444 3770 uitur.

364 3801 422 3855 unt
450 3793 534 3856 enim
564 3814 699 3878 corpora
727 3731 877 3858 nonnulla
907 3803 1003 3880 atque
1031 3795 1128 3858 etiam
1157 3793 1293 3858 diversis
1316 3732 1442 3868 obiecta,

339 3896 422 3963 quae
449 3875 582 3942 umbrae
610 3899 707 3942 causa
736 3900 805 3943 csse
832 3900 896 3942 non
923 3887 1065 3964 possunt.
1109 3877 1177 3941 Nec
1199 3876 1317 3952 abnuo,
1338 3872 1443 3940 multa-

337 3982 409 4024 rum
438 3981 544 4024 renum
574 3983 686 4026 causas
716 3960 846 4047 singulis
873 3961 1067 4027 dictionibus
1096 3961 1215 4043 efferri,
1252 3961 1349 4026 veluti
1374 3965 1444 4022 sunt

337 4067 456 4132 genera
478 4066 560 4132 quae
583 4048 760 4132 specierum
783 4065 896 4110 causas
917 4067 1011 4111 nemo
1033 4046 1169 4131 ignorat,
1196 4044 1284 4110 velut
1308 4052 1353 4110 est
1372 4040 1442 4105 sub-

396 4207 418 4260 t)
431 4213 483 4260 poet
498 4210 548 4250 edd.
623 4207 647 4260 b)
663 4209 846 4250 substantialiter
862 4210 882 4250 1.
966 4206 987 4260 c)
1001 4209 1072 4259 paruo
1086 4209 1111 4248 s'n
1126 4209 1213 4248 dimidie
1223 4208 1283 4258 solta
1295 4213 1342 4258 pm
1357 4205 1442 4255 adjecto

336 4268 397 4318 nujus
409 4270 483 4318 prima
499 4269 679 4319 contemptuose
695 4269 824 4318 temptarem
838 4269 924 4320 recepit.
985 4265 1010 4320 d)
1026 4278 1079 4320 nae,
1095 4268 1132 4319 alt,
1148 4277 1169 4319 a,
1185 4268 1253 4308 umbr
1268 4268 1323 4307 abac.

410 4379 436 4447 1)
457 4381 535 4433 Haeo
553 4384 586 4434 iis
605 4383 692 4448 potins
712 4382 872 4434 conveniunt
891 4395 959 4448 qnae
979 4398 1003 4434 c.
1023 4382 1067 4434 63.
1086 4381 1244 4434 referuntur.
