2936 5010
328 372 379 424 162
582 367 736 424 alenam
754 369 1006 422 HISTORIARUM
1025 369 1138 422 LIBER
1156 369 1224 422 1111.

265 561 343 604 sone
368 539 523 622 iscopum,
544 533 713 600 Arnulfum
735 558 753 600 e
778 537 932 622 iscopum,
959 525 1220 602 Godesmannum
1240 536 1426 622 episcopum,

211 621 263 662 ¹³¹¹·
281 621 316 662 ¹⁷·
360 622 501 686 eriveum
523 620 719 706 episcopum,
749 559 931 685 datbodum
954 621 1149 706 episcopum,
1172 619 1342 686 Walterum
1365 622 1427 706 epi-

328 725 470 790 scopum,
490 704 674 770 Brunonem
695 727 711 770 e
736 704 889 790 iscopum,
910 703 1061 769 Milonem
1080 705 1276 790 episcopum,
1296 703 1428 770 Adalbe·

327 811 437 854 ronem
459 790 655 875 episcopum,
679 727 825 852 Odonem
841 788 1036 886 episcopum,
1053 788 1225 855 Widonem
1239 789 1427 938 episcopum,

328 873 531 938 Heribertum
564 873 772 958 episcopum,
807 873 956 937 constitui
987 871 1065 936 mihi
1096 873 1217 937 iudices
1272 872 1428 937 elictorum

326 977 470 1022 meorum
499 966 530 1020 et
554 977 667 1041 puram
688 957 766 1041 ipsis
788 955 1016 1020 confessionem
1042 955 1126 1039 dedi,
1155 979 1308 1043 quaerens
1332 979 1427 1021 reme·

327 1040 416 1104 dium
444 1039 606 1126 penitendi
634 1049 666 1104 et
694 1038 827 1104 salutem
854 1040 979 1104 animae
1008 1062 1107 1122 meae,
1135 1052 1171 1106 ut
1191 1040 1370 1106 recederem
1390 1038 1426 1102 ab

328 1124 432 1189 officio
460 1135 491 1190 et
519 1123 692 1189 ministerio
717 1122 899 1209 pontificali,
927 1145 991 1210 quo
1012 1146 1063 1188 me
1083 1145 1278 1210 recognosco
1300 1147 1366 1189 esse
1386 1125 1426 1186 in-

328 1208 471 1294 dignum,
494 1215 525 1272 et
546 1205 684 1271 alienum
704 1229 756 1272 me
777 1206 911 1272 reddens
934 1229 992 1294 pro
1007 1205 1147 1273 reatibus
1162 1209 1251 1290 meis,
1272 1209 1306 1272 in
1319 1208 1427 1294 quibus

327 1313 478 1379 peccasse
500 1300 620 1356 secreto
642 1291 742 1376 ipsis·
764 1291 925 1358 confessus
950 1313 1020 1356 sum
1048 1301 1079 1356 et
1105 1291 1284 1378 dequibus
1309 1291 1428 1378 publice

327 1398 363 1440 ar
407 1374 497 1459 ebar3
518 1396 556 1439 eo
578 1373 699 1440 scilicet
718 1374 824 1458 mode,
846 1386 882 1441 ut
901 1377 964 1461 ipsi
987 1377 1049 1440 sint
1069 1385 1164 1441 testes
1179 1387 1211 1442 et
1224 1376 1425 1462 potestateml

327 1397 463 1524 habiant
489 1457 699 1524 substituendi
720 1469 752 1526 et
773 1458 980 1524 consecrandi
1006 1459 1103 1526 alium
1124 1461 1158 1524 in
1178 1459 1249 1525 loco
1270 1483 1350 1543 meo,
1379 1459 1428 1558 qui

328 1543 422 1630 digne
450 1565 577 1628 preesse
603 1553 635 1608 et
683 1543 811 1608 rodesse
832 1543 935 1629 possit
955 1543 1137 1626 aecclesiae,
1166 1545 1218 1608 cui
1239 1555 1367 1610 actenus
1387 1565 1426 1606 1n-

213 1639 250 1694 '1³-
267 1641 315 1684 ⁶⁴⁸·
327 1627 442 1712 dignus
473 1626 585 1712 prefui.
669 1636 737 1692 tut
757 1627 831 1692 inde
860 1625 964 1692 *ultra
988 1626 1106 1692 nnllam
1134 1628 1353 1714 repetitionem
1381 1635 1428 1692 aut

326 1709 610 1796 interpellationem
638 1711 826 1776 auctoritate
859 1711 1009 1776 canonica
1035 1711 1139 1776 facere
1167 1711 1311 1796 valeam,
1339 1732 1426 1776 manu

327 1815 399 1858 mea
416 1795 546 1878 propria
568 1794 769 1860 subscribens
791 1795 924 1860 firmavi.
968 1795 1039 1876 Quo
1061 1796 1107 1859 ita
1127 1794 1277 1881 perlecto,
1299 1797 1343 1861 ita
1363 1794 1426 1859 sub·

329 1877 443 1962 scripsi
451 1889 472 1940 ⁰.
516 1877 587 1961 Ego
614 1876 767 1942 Amulius
796 1879 956 1966 quondam
977 1879 1149 1944 Remorum
1178 1881 1427 1967 archiepiscopus

328 1959 452 2026 subscri
478 1961 546 2024 si0’.
589 1961 721 2026 Necnon
743 1971 774 2027 et
802 1963 961 2030 adstantes
991 1964 1135 2050 episcopi
1156 1963 1197 2028 ab
1219 1987 1256 2029 eo
1278 1987 1314 2029 rc
1338 1967 1381 2028 ati
1398 1971 1427 2024 ut

328 1983 576 2127 subscriberent,
609 2044 893 2132 subscripserunt0,
925 2057 1020 2132 atque
1052 2049 1099 2112 sic
1131 2047 1160 2112 ei
1190 1987 1427 2134 responderunt:

328 2128 522 2194 ‘Secundum
548 2129 777 2216 professionem
806 2141 838 2196 et
868 2131 1133 2216 subscriptionem
1160 2140 1249 2196 trram
1279 2154 1367 2197 cessa
1392 2129 1426 2194 ab

328 2211 452 2278 officio’.
485 2213 641 2278 Posthac
663 2216 851 2279 sacramenti
872 2215 941 2280 iure
963 2213 1021 2280 hos
1043 2216 1098 2301 qui
1119 2216 1168 2280 sui
1189 2215 1315 2282 fuerant
1335 2211 1426 2280 absol-

328 2297 375 2363 vit
393 2307 489 2384 atque
510 2296 687 2364 libertatem
701 2299 885 2364 transeundi
900 2299 933 2363 in
946 2300 996 2363 ius
1011 2297 1139 2364 alterius
1153 2301 1257 2366 victus
1272 2298 1426 2365 concessit.

414 2435 463 2499 73.
505 2435 696 2521 Depositio‘1
717 2434 892 2522 udalgerid
913 2437 1081 2522 presbiteri
1103 2439 1145 2503 a‘l
1165 2438 1319 2523 gradibus
1329 2440 1353 2504 ἃ.

171 2559 238 2601 sors.
251 2559 318 2602 aas.
411 2535 499 2599 Dum
531 2535 591 2602 hec
621 2537 721 2602 multa
752 2536 1004 2604 consideratione
1032 2549 1226 2626 gererentur,
1259 2539 1312 2605 Ad
1364 2557 1426 2603 erus

327 2617 492 2704 presbiter,
513 2640 550 2683 eo
566 2621 652 2706 quod
666 2622 888 2686 communione
901 2623 1045 2708 privatus
1060 2633 1151 2707 esset,
1172 2647 1285 2710 regum
1299 2648 1340 2711 pe
1363 2623 1426 2688 ibus

329 2700 524 2788 provolutus,
547 2703 646 2768 multa
667 2726 726 2768 con
749 2706 891 2770 uestione
935 2705 1114 2790 uerebatur,
1143 2709 1357 2773 communioni
1380 2725 1425 2790 pr

328 2795 397 2851 tens
413 2785 544 2867 restitui,
566 2787 693 2872 parcius
709 2726 770 2853 sibi
783 2728 980 2855 inferendam
999 2812 1165 2856 censuram
1178 2802 1276 2875 ratus,
1299 2814 1336 2858 eo
1351 2784 1426 2876 quod

329 2871 433 2934 iussus
450 2869 578 2934 domino
594 2871 699 2936 obtem
724 2874 884 2939 oravisset.
917 2875 1022 2955 Quem
1036 2873 1187 2940 Arnulfirs
1201 2870 1425 2942 Aurelianensis

330 2955 498 3040 episcopus
519 2954 664 3019 adorsus:
693 2963 701 2996 ‘
733 2979 787 3020 um
810 2957 980 3043 quidnam’,
1004 2960 1116 3058 inquit,
1138 2959 1252 3026 ‘iuditii
1273 2983 1315 3024 ex
1339 2967 1425 3025 ertem

329 3047 360 3102 te
382 3046 436 3102 tua
463 3037 595 3103 conficta
620 3039 713 3105 hodie
738 3040 877 3105 facient?
918 3041 1083 3190 Numtpurd
1110 3052 1145 3107 tu
1172 3066 1205 3108 es
1234 3045 1289 3131 qui
1350 3035 1424 3106 arolo

1010 3150 1021 3190 1

329 3131 436 3221 portas
468 3124 619 3208 aperuisti
648 3133 679 3189 et
707 3123 862 3190 hostiliter
890 3139 983 3190 cume
1034 3125 1084 3191 Ιοθ
1114 3137 1223 3192 sancta
1255 3138 1424 3194 sanctorum

328 3228 487 3292 ingressus
520 3206 575 3272 es?
628 3207 792 3295 Numquid
823 3217 858 3274 tu
885 3232 918 3275 es
944 3209 999 3296 qui
1027 3209 1261 3277 adolescentem
1291 3233 1361 3276 cum
1386 3203 1425 3270 tui

329 3289 484 3354 similibus
529 3290 695 3356 erdidisti?
738 3289 906 3376 Confitere,
927 3293 1170 3360 infandissime’!
1215 3297 1288 3376 Quo
1310 3318 1357 3362 res
1380 3311 1423 3354 011·

214 3395 271 3440 ‘roa
285 3398 320 3441 51.
330 3372 439 3438 dente:
462 3378 491 3414 “
523 3375 629 3460 egaref
641 3397 705 3440 non
720 3378 869 3461 possum',
891 3375 943 3442 ille
954 3401 1031 3443 mox
1044 3388 1246 3464 prosecutus:
1270 3379 1332 3444 ‘An
1345 3315 1423 3450 ileo’,

328 3457 440 3542 inquit,
463 3459 688 3522 ‘communioni
708 3459 919 3525 restituendus
941 3484 984 3544 ea,
1005 3471 1050 3543 ut,
1073 3461 1202 3528 domino
1223 3474 1280 3529 tuo
1302 3463 1423 3548 lugente

329 3548 373 3622 tu,
404 3539 638 3624 nefandissime,
669 3543 806 3608 rideas'?
848 3544 992 3610 Tandem
1019 3545 1180 3612 decretum
1210 3555 1273 3630 est,
1302 3548 1423 3612 duorum

263 3703 265 3710 γ
330 3623 602 3688 incommodorum
628 3625 835 3692 utrumlibet&
856 3627 896 3692 ab
919 3651 956 3692 eo
979 3627 1070 3715 eligi,
1096 3640 1152 3695 aut
1172 3653 1192 3694 a
1211 3631 1361 3714 gradibus
1380 3623 1423 3688 de·

330 3706 416 3790 poni,
437 3715 493 3770 aut
513 3717 665 3794 perpetuo
686 3710 885 3776 anathemate
906 3713 1015 3778 teneri.
1052 3715 1116 3796 Qui
1137 3715 1225 3801 apud
1247 3737 1280 3780 se
1324 3711 1423 3778 luri111a

329 3797 532 3874 pertractans,
554 3792 682 3856 tandem
695 3793 806 3858 maluit
818 3796 970 3881 gradibus
983 3798 1111 3883 privari,
1128 3819 1224 3884 quam
1238 3820 1300 3863 ana
1334 3797 1422 3885 emole

329 3881 481 3958 perpetuo
512 3875 621 3940 teneri.
674 3877 718 3943 Et
747 3900 825 3943 mox
862 3880 1086 3966 episcoporum
1117 3882 1208 3947 iussu
1244 3881 1421 3947 indumenta

330 3955 576 4023 sacerdotalibus
602 3961 742 4026 vestitur
794 3961 885 4043 Quae
913 3963 1039 4050 singula
1067 3965 1188 4051 absque
1219 3965 1284 4032 ulla
1309 3966 1422 4030 misera·

329 4042 435 4106 tionel
450 4040 659 4127 detrahentes,
681 4046 710 4110 ei
731 4045 846 4132 singuli
868 4047 1036 4114 dicebant:
1059 4049 1168 4114 ‘Oessa
1187 4048 1227 4116 ab
1244 4051 1345 4115 officio
1358 4039 1418 4108 tu0'·
1459 4081 1460 4086 ¹

389 4228 411 4282 a)
426 4232 471 4281 ips!
485 4243 502 4272 c.
555 4230 578 4284 b)
594 4245 617 4284 p.
633 4234 656 4276 h.
671 4235 712 4277 der.
730 4247 765 4286 ap.
781 4235 850 4285 derb,
866 4238 904 4278 uti
918 4239 989 4279 miratu
1003 4245 1057 4280 reete
1072 4245 1096 4280 ut
1111 4241 1194 4282 videtar
1209 4241 1286 4282 Mum
1301 4243 1341 4281 cst:
1362 4231 1420 4273 testes

330 4287 371 4328 alli
387 4291 523 4332 succedendi
539 4296 562 4332 et
578 4303 597 4334 c.
613 4294 644 4333 in.
716 4291 736 4346 c)
753 4305 783 4337 ss.
798 4306 815 4335 c.
890 4295 913 4348 d)
929 4299 989 4351 Dep,
1004 4299 1070 4351 Adel,
1087 4311 1100 4340 a
1117 4311 1144 4350 gr
1158 4301 1214 4342 abac.
1286 4298 1365 4352 c)1³‹›⁸l
1378 4284 1418 4329 aad·

329 4344 473 4397 oreqacats'a
487 4350 511 4390 in
524 4360 595 4399 parva
610 4352 715 4395 eramala.
775 4352 797 4406 g)
815 4354 911 4397 alterum
928 4358 948 4399 1.
1009 4357 1033 4410 h)
1065 4359 1221 4402 miscricordla
1237 4362 1257 4402 1.
