2936 5010
321 387 373 437 110
587 381 740 436 monum
757 383 1009 437 HISTORIARUM
1028 383 1139 436 LIBER
1156 384 1209 437 111.

195 540 310 641 ,ωθζζζ
406 553 456 618 67.
494 551 641 618 *ottonis
663 553 821 639 promotio
845 553 911 638 (ι’)
934 549 1124 616 Germanie⁸
1145 561 1177 616 et
1196 549 1337 638 Belgae

405 656 483 720 Post
521 651 644 720 obitum
676 655 785 719 domni
815 651 941 718 Ottonis
969 653 1203 719 Germanorum
1231 655 1320 740 regis
1346 655 1423 719 eiual
1461 695 1462 698 =

322 736 406 802 filius
423 739 499 804 Otto
522 737 725 804 aGermanis
739 737 911 838 Belgisque
926 761 985 803 rex
1007 747 1161 820 creatrm⁰‚
1183 761 1252 804 rem
1274 738 1422 824 publicam

324 832 450 888 emanue
471 832 567 909 atque
589 821 708 888 utiliter
722 823 983 904 amministravit3
1004 824 1055 886 vir
1068 824 1178 909 magni
1191 823 1314 908 ingenii
1328 824 1423 888 totius-

322 929 383 992 que
404 907 540 988 virtutis,
569 905 748 972 liberalium
769 905 947 972 litterarum
975 907 1108 972 scientia
1134 905 1270 990 elmund,
1298 907 1377 972 adeo
1396 919 1424 970 ut
1461 949 1462 954 κ

320 993 354 1056 in
377 989 570 1078 disputando
593 1014 635 1056 ex
662 999 729 1056 arte
752 999 784 1056 et
804 1001 998 1077 proponeret
1019 1001 1050 1056 et
1075 989 1283 1077 probabiliter
1311 988 1423 1056 conclu-

321 1073 418 1142 deret.
463 1075 566 1140 Penes
589 1097 686 1160 quem
713 1096 848 1160 regnum
872 1075 1063 1140 Germaniae
1085 1097 1159 1139 cum
1182 1073 1361 1140 Galliarum
1380 1075 1423 1140 ali-
1461 1119 1462 1126 ι

320 1182 384 1310 qqa
405 1170 495 1245 parte
517 1181 555 1306 qs
579 1181 619 1258 ue
642 1159 683 1224 ad
705 1157 791 1224 diem
812 1159 896 1224 vitae
918 1159 985 1259 eiua
1007 1181 1190 1258 supremum
1215 1161 1351 1242 mansit,
1372 1159 1423 1259 ¹sed

321 1243 492 1394 Gaqqqqqllq
513 1265 623 1413 rogali
651 1241 1423 1414 qqqndoqlqteaemet1nqqrimppspnpmaqe{prqqreqpq
1461 1343 1462 1378 3

319 1414 453 1480 victoria
479 1409 547 1476 fuit.
591 1411 720 1477 Etenim
742 1411 835 1476 cumr
854 1409 895 1476 ab
919 1410 1036 1478 Ottone
1058 1410 1189 1496 Belgica
1216 1422 1376 1478 teneretur
1400 1421 1425 1476 et

319 1495 500 1562 alethario
512 1497 728 1582 impeteretur,
740 1504 851 1560 contra
873 1517 907 1560 se
929 1493 1017 1560 dolos
1039 1505 1095 1560 aut
1114 1497 1198 1560 vires
1213 1493 1424 1576 moliebantur,

320 1603 357 1647 eo
380 1579 466 1668 quod
488 1591 622 1666 uterque
645 1589 677 1644 et
698 1601 790 1643 suum
811 1588 936 1666 patrem
966 1601 1036 1644 earn
1061 1580 1202 1644 tenuisse
1229 1581 1424 1645 contenderet

321 1675 352 1730 et
374 1665 574 1730 exercituum
596 1661 797 1728 multitudine
824 1673 958 1750 uterque
979 1686 1050 1728 eam
1078 1686 1111 1728 ee
1140 1663 1344 1728 defensurum
1370 1687 1423 1727 non

321 1749 488 1816 diffideret.
537 1747 620 1812 Nam
649 1757 681 1812 et
706 1747 881 1832 Ludovici,
934 1750 1009 1812 atris
1031 1745 1184 1831 Lotharii‚
1213 1748 1282 1831 fuit,
1310 1751 1424 1814 eteius

345 1843 394 1898 ost
415 1831 499 1896 dono
522 1832 615 1896 huius
632 1831 759 1896 Ottonis
781 1841 872 1931 pater
895 1770 971 1898 (lito
995 1829 1161 1896 obtinuit¹.
1203 1831 1332 1897 Horum
1354 1853 1420 1917 ergo
1461 1883 1462 1886 ι

320 1855 500 1982 discordiae
522 1915 718 1981 incentivum
740 1915 935 2002 principium
956 1914 1089 2002 Belgica
1113 1915 1181 1980 fuit.

503 2038 552 2103 68.
596 2035 801 2122 Indignatio&
821 2035 965 2100 Lotharii
985 2038 1040 2100 ina
1062 2035 1222 2101 Ottonem.

259 2162 309 2206 ore.
404 2141 508 2226 Igitur
522 2141 556 2204 in
567 2137 711 2226 Aquensi
721 2136 841 2226 palatio
854 2139 971 2204 Ottone
983 2147 1200 2202 commorante
1212 2159 1288 2202 cum
1300 2141 1421 2222 coniuge

319 2223 498 2314 Teuphanu
518 2223 681 2310 gravidah,
704 2221 873 2287 Lothariue
895 2221 983 2286 illum
1004 2223 1138 2308 propius
1159 2223 1335 2288 accessisse
1350 2244 1421 2286 acer-

318 2315 398 2377 rime
419 2321 524 2375 motus
546 2305 782 2408 indignabatur.
818 2305 905 2392 Ergo
921 2307 1117 2372 Francorum
1133 2305 1246 2370 ducem
1263 2307 1421 2391 Hugonen
1461 2371 1462 2374 ,

318 2394 520 2482 reliquosque
540 2415 632 2478 regni
653 2392 805 2480 primates
827 2390 994 2455 consilium
1009 2391 1165 2478 petiturus
1179 2390 1329 2455 Lauduni
1344 2389 1420 2455 colle·
1461 2471 1462 2476 η

319 2480 374 2566 git.
423 2479 502 2542 Dux
523 2479 630 2563 itaque
659 2475 823 2563 processit.
867 2473 994 2561 Reliqui
1015 2475 1135 2558 etiami,
1164 2475 1281 2561 quibus
1309 2495 1421 2562 quoque
1461 2525 1462 2534 ,

320 2560 549 2626 consulendum
578 2571 661 2642 erat,
694 2567 767 2624 ante
795 2580 904 2643 regem
933 2567 1162 2645 consequenter
1188 2558 1321 2624 admissi
1351 2566 1419 2622 sunt.
1461 2621 1462 2644 ἶ

320 2643 445 2726 Quibus
466 2643 689 2726 residentibus,
711 2666 770 2708 rex
792 2641 953 2728 duplicem
968 2644 1117 2708 iniuriam
1139 2641 1200 2706 sibi
1221 2641 1342 2708 illatam
1361 2665 1420 2706 esse
1461 2695 1462 2700 ,

320 2736 557 2809 commemorat,
580 2749 653 2791 cum
674 2728 766 2812 regni
787 2728 932 2812 cuipare
953 2725 994 2791 ab
1016 2727 1105 2792 hoste
1127 2738 1282 2814 usurpata
1296 2728 1383 2794 fuerit
1395 2733 1420 2789 et
1461 2791 1462 2800 ¹

318 2815 388 2899 ipse
409 2811 508 2877 hostie
529 2811 571 2875 ad
592 2813 672 2876 linae
695 2833 769 2876 euos
790 2813 977 2876 temerarius
1004 2813 1181 2876 accesserit.
1225 2811 1293 2876 Nec
1320 2809 1419 2875 maiori

318 2897 451 2961 iniuriae
474 2919 552 2978 esse,
575 2896 684 2982 quedl
704 2896 853 2977 tenuerit,
897 2917 971 2958 uam
983 2897 1058 2994 quia
1078 2906 1188 2960 tenens
1209 2896 1251 2960 ad
1266 2896 1344 2961 fines
1357 2916 1419 2959 suos
1461 2947 1462 2952 ,

319 2979 469 3046 accedere
501 3001 566 3044 non
596 2979 822 3045 formidaverit.
876 2918 923 3044 be
956 2990 1053 3044 etiam
1084 2980 1119 3044 id
1149 2979 1250 3044 multa
1282 2980 1417 3046 aviditate
1461 3031 1462 3034 ,

318 3064 430 3129 ulcisci
450 3063 540 3147 velle,
563 3065 589 3128 si
611 3063 743 3128 consilio
766 3085 823 3128 suo
845 3063 944 3128 velint
965 3063 1086 3130 cedere.
1128 3063 1198 3128 Nec
1219 3087 1314 3150 posse
1336 3087 1365 3128 se
1383 3061 1417 3125 ab

203 3148 506 3214 ·1›.ca.hoeonim0
528 3149 708 3248 temperari,
731 3149 758 3212 si
780 3147 894 3212 *adid
917 3146 1076 3232 agendum
1098 3149 1192 3234 copia
1213 3147 1345 3213 militum
1364 3168 1418 3210 non
1461 3199 1462 3232 ÷

318 3233 477 3300 defecerit.
521 3231 648 3299 Gratias
678 3233 773 3298 etiarn
803 3254 872 3297 sese
902 3231 1093 3318 quandoque
1120 3231 1328 3317 redditurum,
1349 3231 1372 3296 si
1390 3228 1418 3292 id
1461 3279 1462 3318 q

319 3317 405 3406 quod
427 3319 636 3404 cupitaeque
658 3318 764 3382 animo
786 3315 980 3380 adoriantur.

415 3441 464 3504 69.
508 3438 665 3524 Impetus¹
687 3434 852 3502 Gallorum
874 3436 1082 3522 spontaneua¹
1102 3436 1136 3499 in
1159 3435 1309 3502 Ottonem
1317 3437 1334 3500 ¹.

400 3541 480 3604 Mox
502 3539 569 3602 dux
590 3550 622 3605 et
643 3537 697 3604 alii
717 3540 868 3624 primates
890 3539 958 3602 sine
980 3537 1177 3602 deliberandi
1203 3537 1418 3604 consultatione

319 3624 508 3688 sententiam
529 3624 651 3707 regiam
678 3622 832 3688 attollunt.
877 3621 953 3688 Sese
984 3631 1097 3710 sponte
1125 3623 1225 3687 ituros
1253 3645 1324 3687 cum
1344 3639 1417 3702 rege,

319 3717 350 3772 et
372 3707 523 3772 Ottonem
544 3716 598 3770 aut
619 3705 902 3790 comprehensuros
931 3717 986 3772 aut
1014 3705 1234 3772 interfecturos
1261 3716 1316 3772 aut
1341 3704 1417 3787 nga-

318 3801 415 3874 tur0s‚
437 3788 636 3876 pollicentur.
671 3791 778 3855 Huius
790 3789 957 3856 consilium
979 3791 1122 3876 negotii*
1144 3789 1370 3855 dissimulatum
1382 3781 1417 3848 ad

392 3952 416 4022 *)
436 3971 459 4005 c.
479 3958 596 4005 tractant
615 3959 694 4021 atque
714 3956 838 4006 ordinant
857 3954 929 4006 Galli
949 3953 1052 4006 Celtae·
1090 3954 1167 4018 Quod
1188 3954 1252 4006 add.
1274 3955 1298 4006 1.

378 4099 401 4154 a)
417 4112 431 4141 a
447 4102 500 4150 deta
522 4101 554 4154 la,
576 4101 659 4142 eabae.
719 4099 742 4153 b)
759 4101 884 4141 vocabulum
899 4111 992 4144 erorum.
1053 4097 1074 4151 c)
1096 4101 1199 4142 elevatus
1216 4103 1236 4143 l.
1310 4095 1331 4149 d)
1346 4109 1355 4138 e
1368 4103 1417 4135 corr·

318 4159 340 4212 a)
355 4162 491 4212 plerumque
513 4161 533 4203 1.
612 4157 698 4212 f)cum
721 4181 746 4190 —
764 4164 881 4201 teneretur
900 4161 951 4200 atita
971 4160 1040 4200 cram
1060 4164 1079 4200 et
1099 4161 1201 4201 vocabalo
1224 4161 1334 4200 diceretur
1353 4154 1416 4194 actuo.

319 4219 341 4272 g)
359 4221 390 4272 lo,
407 4232 422 4260 n
437 4220 493 4262 abac.
561 4217 585 4270 h)
601 4220 626 4260 ia
641 4220 687 4259 loco
702 4231 761 4259 raro.
828 4217 846 4272 l)
863 4229 954 4269 quoque
972 4223 992 4262 1.
1059 4217 1084 4272 k)
1100 4221 1120 4260 et
1135 4223 1213 4262 teneat
1230 4221 1251 4262 1.
1308 4215 1324 4269 l)
1339 4221 1416 4268 naono

318 4278 442 4333 0(ttonem)
458 4279 514 4319 abac.

394 4376 420 4443 1)
439 4378 559 4442 Nugatur
578 4373 717 4425 Rioherue.
