2938 5016
312 425 347 477 82
567 420 719 476 atonem
738 418 991 474 mercantum
1010 419 1122 474 sluaa
1139 421 1178 474 11.

313 589 377 656 560
407 588 490 654 intra
518 585 689 654 aecclesias
719 585 920 654 succendisse
946 585 1111 654 nuditum.
1160 588 1204 654 Et
1231 589 1276 654 sic
1302 587 1342 652 ad
1361 611 1409 654 sua

253 779 304 824 oss.
313 673 456 822 resendii:
472 754 543 820 Rex
557 775 633 820 vero
647 753 830 820 Ludovicue
845 751 1044 840 Gerbergam
1055 755 1200 904 reginam
1210 756 1253 822 ad
1264 755 1411 838 Ottonem,

314 841 444 906 bamam
466 861 568 922 suum,
591 837 700 924 dirigit
731 838 785 904 ut*
807 835 869 902 sibi
890 839 1000 924 copias
1013 849 1179 904 aeoeeret.
1211 840 1410 906 Proficiscitur

313 925 422 1012 itaque
443 923 629 988 imminente
651 885 885 1006 sollempnitate
899 920 1020 1008 pascali
1040 932 1073 988 et
1092 923 1290 1010 Aquisgrani
1306 921 1408 1010 palatio

313 1019 459 1076 sanctum
488 1004 608 1092 pascha
637 1026 710 1069 eum
732 1004 829 1070 trabe
858 1003 996 1072 Ottone¹
1025 1005 1174 1073 celebrat.
1225 1007 1409 1074 Conveniunt

313 1116 356 1162 ex
370 1090 545 1158 Germania
582 1089 721 1174 rincipes
735 1087 888 1154 nonnulli.
921 1087 1050 1155 Adsunt
1068 1112 1111 1155 ex
1124 1091 1171 1156 Be
1208 1093 1260 1158 'ea
1276 1091 1408 1158 universi.

313 1177 382 1244 Nee
416 1174 532 1242 desunt
558 1111 658 1260 legati
692 1171 882 1256 Greconsm,
914 1171 1081 1258 ltsdonrm,
1116 1173 1224 1262 Ango
1329 1185 1410 1260 atque

313 1259 446 1328 aliorum
468 1255 624 1344 plurimae
644 1255 820 1342 legationes
841 1255 1042 1342 populorum.
1091 1258 1217 1358 Regina
1245 1279 1410 1358 argaeum

312 1344 408 1410 fratre
430 1339 563 1409 consilio
584 1337 694 1406 habito
717 1352 748 1406 et
769 1349 904 1426 accepta
924 1341 965 1408 ab
986 1363 1025 1406 eo
1046 1341 1159 1408 auxilii
1186 1342 1410 1430 pollicitatione,

313 1447 426 1495 secura
445 1425 488 1490 ad
508 1447 541 1490 re
567 1445 618 1488 em
639 1421 841 1490 Ludovicum
862 1423 953 1490 redit.

397 1511 447 1578 87.
480 1508 530 1573 Lu
554 1509 686 1574 ovicus²
714 1530 790 1574 vero
818 1508 851 1571 in
876 1509 1036 1574 tirannum
1064 1510 1171 1593 iratus,
1200 1512 1301 1576 nimio
1327 1509 1410 1575 animi

311 1595 435 1662 fervore
451 1591 578 1660 Ottonis
593 1590 747 1656 auxilium
763 1591 929 1678 prevenire
944 1591 1167 1660 meditabatur.
1200 1594 1412 1660 Arbitrabatur
1448 1667 1449 1670 Ἴ

312 1680 443 1759 etenim,
493 1676 622 1740 uoniam
654 1676 688 1738 in
716 1674 814 1762 longa
845 1675 1003 1742 exercitus
1039 1679 1281 1763 exspectatione
1311 1677 1412 1742 iniuria
1448 1713 1449 1722 .

312 1761 412 1828 inulta
433 1698 603 1826 videretur.
648 1757 779 1824 Confert
800 1759 909 1845 itaque
931 1780 1004 1824 cum
1019 1771 1109 1846 patre
1132 1763 1224 1828 meol
1246 1761 1411 1838 eonsilium,

313 1867 351 1912 eo
373 1843 459 1931 quod
481 1844 549 1908 eius
571 1851 654 1908 esset
668 1841 768 1924 miles,
791 1841 931 1908 consiliis
946 1843 1141 1928 commodus,
1163 1845 1315 1912 facundia
1331 1843 1412 1910 simul

313 1937 345 1996 et
365 1927 496 1994 audatia
517 1924 684 2012 plurimus.
726 1925 821 1992 Unde
841 1936 874 1992 et
891 1949 950 1992 rex
964 1926 1138 1994 admodum
1152 1931 1182 1995 ei
1196 1929 1413 1997 consuescebat

312 2023 344 2080 et
375 2010 463 2097 apud
490 2032 563 2076 eum
592 2009 758 2096 sepissime
787 2009 995 2076 consultabat
1048 2013 1200 2080 Dictabat
1230 2036 1309 2101 ergo
1335 2023 1414 2113 pater

311 2097 422 2164 merul
444 2092 531 2182 apud
552 2115 659 2179 regem
676 2103 708 2160 et
724 2115 845 2180 paucos
860 2096 917 2182 qui
930 2093 1102 2163 intererant
1116 2097 1262 2164 ordinem
1279 2094 1412 2184 caprendi

310 2180 504 2248 Laudunum
525 2178 579 2244 ita.
627 2179 771 2244 Primum
797 2200 866 2244 sese
895 2177 1136 2246 observaturum
1165 2183 1413 2269 oportunitatem,

311 2267 427 2348 aiebat,
449 2273 481 2330 et
502 2284 544 2328 an
565 2259 628 2328 loci
648 2260 802 2328 habitudo
829 2260 863 2326 id
884 2261 988 2346 ferret,
1015 2286 1057 2328 an
1085 2267 1181 2332 etiam
1203 2266 1294 2332 cives
1316 2267 1348 2330 in
1368 2263 1412 2329 ob·

313 2349 490 2416 servatione
512 2347 600 2412 urbis
623 2345 797 2412 cautissimi
825 2344 1025 2430 haberentur,
1053 2347 1297 2434 diligentissime
1319 2347 1413 2435 explo-

312 2444 455 2500 raturum
478 2452 547 2496 sese
570 2430 778 2496 memorabat.
810 2429 937 2494 Deinde
952 2430 1088 2515 dicebat,
1104 2433 1280 2499 efficaciter
1294 2455 1328 2500 se
1343 2431 1413 2498 adeo

313 2517 530 2582 ordinaturum
563 2515 669 2579 omnia
699 2522 731 2578 et
757 2514 803 2578 sic
825 2512 867 2580 ad
894 2514 1042 2582 effectum
1071 2515 1188 2582 utiliter
1208 2518 1414 2598 reducturum,
1447 2587 1448 2594 χ

312 2597 445 2748 nthpulli
467 2606 540 2684 post
561 2619 630 2662 sese
653 2597 824 2684 quicquam
851 2599 980 2682 negotio
1006 2599 1181 2686 inperfecto
1208 2601 1414 2690 supplendum
1447 2663 1448 2678 ,

311 2683 366 2750 re'
414 2689 550 2747 ueretur.
1447 2689 1448 2710 ³

392 2704 446 2832 b8.
482 2764 571 2849 Rege
607 2785 683 2850 ergo
719 2787 777 2851 per
808 2762 877 2830 dies
912 2765 1034 2852 aliquot
1068 2768 1196 2832 Remisc
1228 2767 1414 2846 demorante,
1447 2761 1448 2766 ’

311 2847 512 2938 R0[dulfus⁶]
534 2887 576 2898 —
597 2848 642 2912 sic
664 2849 750 2912 enim
771 2857 863 2934 pater
883 2849 995 2914 meusb
1016 2851 1181 2917 dicebatur
1195 2892 1236 2902 -
1252 2849 1415 2918 commodi·

311 2944 409 3001 tatem
451 2929 600 3019 patrandi
638 2933 757 3018 negotii
792 2953 851 3019 per
886 2954 961 2998 snos
996 2933 1194 3020 explorabat.
1252 2937 1361 3002 Missis
1382 2955 1415 2998 ue

312 3015 576 3117 exploratoribus,
599 3017 754 3102 comperit
775 3037 931 3102 agasones
959 3018 1077 3084 civium
1104 3041 1163 3105 per
1190 3019 1259 3084 dies
1283 2959 1415 3108 singdos

312 3123 400 3168 exne
429 3098 470 3165 ab
496 3098 575 3164 urbe
601 3107 744 3186 tempore
772 3101 955 3184 vespertino
983 3102 1226 3250 quinqpagenos
1256 3115 1317 3171 aut
1337 3125 1416 3168 sexa·

311 3207 410 3273 genos
443 3193 475 3250 et
495 3183 662 3270 farraginis
683 3181 852 3248 fasciculos
874 3184 964 3271 equis
986 3207 1020 3248 1n
1041 3208 1079 3250 ur
1102 3209 1153 3250 em
1176 3187 1311 3271 deferre,
1341 3185 1414 3272 capi-

310 3267 395 3335 tibus
418 3267 458 3334 ob
482 3266 557 3333 solis
580 3265 726 3333 ardorem
748 3265 916 3332 obvolutis.
959 3268 1062 3356 quue
1084 3270 1210 3354 cotidie,
1233 3281 1266 3336 et
1281 3283 1416 3358 tempore

190 3354 431 3421 ·101.eo.eodem.
476 3351 572 3434 Quod
593 3373 667 3416 cum
689 3350 729 3416 ab
760 3348 1017 3418 observatoribus
1068 3355 1129 3419 atri
1155 3356 1248 3420 meol
1278 3355 1415 3421 *relatum

309 3439 428 3522 fuisset,
452 3435 548 3500 simili
569 3455 623 3500 eos
646 3434 798 3500 exercitio
821 3456 913 3520 posse
928 3435 1004 3520 falli,
1019 3375 1164 3503 advertit.
1200 3439 1332 3504 Refert⁰
1348 3457 1415 3524 ergo

311 3543 380 3586 eese
418 3519 460 3584 ad
490 3539 603 3616 regem·
637 3527 669 3582 et
698 3519 743 3584 sie
769 3517 857 3604 apud
886 3541 960 3583 eum
986 3522 1187 3606 presentibus
1219 3522 1416 3610 paucissimis

310 3613 465 3750 eonoesslla
478 3601 674 3770 ‘blfflmsgddbr’l,
701 3687 858 3773 inquiens,
881 3687 910 3750 ‘o
925 3709 992 3770 rex,
1014 3688 1184 3766 videretur,
1208 3690 1235 3753 ei
1250 3690 1314 3756 hoe
1329 3712 1368 3755 ne
1390 3709 1416 3751 ο-
1446 3673 1447 3710 l

310 3769 389 3834 tium
411 3766 610 3834 solummodo
632 3770 729 3834 armis
751 3769 937 3856 viribusque
958 3781 1041 3837 esset
1055 3773 1323 3861 attemptandum.
1360 3712 1416 3838 bled
1446 3807 1447 3810 κ

383 3909 407 3980 *J
426 3912 455 3964 in
473 3912 639 4000 ipsabieme
659 3914 710 3966 eibi
730 3915 822 3981 copias
841 3916 938 4000 mittet,
957 3915 1023 3968 lieet
1041 3917 1099 3983 ipse
1118 3920 1264 3970 exercitum
1279 3919 1416 3972 collectum

427 3987 1013 4114 2⁰:2⁰ttuttt:tttttt‘1¹2⁰⁰¹¹²
1109 3991 1187 4056 Μ’]
1213 3998 1240 4044 ⁶²
1258 4008 1345 4060 a...
1364 3993 1417 4058 ⁹⁰⁸‘

365 4166 388 4219 a)
405 4178 459 4218 rese
476 4169 496 4211 l.
585 4168 608 4221 b)
625 4181 647 4220 p.
665 4180 695 4210 m.
709 4170 760 4209 altis
775 4171 851 4212 erasis.
943 4168 964 4222 o)
981 4172 1004 4212 tn
1020 4183 1088 4223 saara.
1173 4171 1197 4225 d)
1213 4173 1272 4217 xor.
1295 4185 1355 4215 corr.
1371 4171 1416 4212 Rot.

308 4223 330 4278 s)
346 4226 451 4268 contulit
467 4229 486 4268 1.
548 4225 567 4281 t)
584 4229 678 4278 quidem
694 4229 744 4270 add.
762 4230 782 4269 1.

365 4317 391 4385 1)
402 4319 431 4371 ia
442 4317 611 4374 Calmiscs‘oco
621 4323 677 4375 vico
686 4329 740 4374 tom
749 4323 824 4392 infru
834 4341 914 4391 quam
924 4325 996 4378 circa
1006 4325 1157 4379 aecclesiam
1162 4328 1227 4394 fere
1237 4325 1418 4396 quadrops'nto

306 4389 422 4445 domines
440 4389 625 4460 interfecerant
643 4395 722 4448 Flod.
798 4395 827 4465 ὓ)
843 4399 991 4466 Sequentia
1003 4399 1075 4452 solus
1087 4401 1231 4466 Richerus3
1251 4401 1332 4454 aliter
1344 4399 1418 4453 Flod.
1445 4405 1446 4446 l
