2938 5016
297 386 451 438 RIOHERI
469 385 721 438 HISTORIARUM
740 387 840 438 LIBRI
859 388 925 440 1111.
1097 389 1168 440 XIII

63 577 294 640 nonnunquam
323 555 373 618 bis
402 552 450 617 vel
476 562 523 616 ter
545 554 590 617 aol
612 553 748 618 eundern
769 553 873 619 locum
902 555 1030 620 rediret.
1077 554 1168 629 Quae

63 642 89 702 si
110 649 263 724 quantum
293 639 439 702 studium
461 639 603 702 sermoni
624 638 810 702 adhibuerit
839 638 1018 720 ostendant,
1047 641 1062 702 i
1086 661 1167 720 sum,

63 733 215 809 utsupra
237 723 368 803 dictum,
391 724 555 786 veritatem
571 743 697 806 parurn
712 743 844 786 curasse
856 723 1011 808 probant.
1053 661 1167 810 b’eqne

65 809 166 870 omnia
179 808 287 891 ipsius
300 829 400 870 manu
417 814 558 869 enarata
580 828 645 870 esse
661 809 823 890 putarim.
866 808 990 871 Mende
1007 809 1093 872 enim
1115 829 1166 872 oc-

65 901 202 971 currunt,
224 889 348 954 litterae
364 892 501 954 omissae
516 889 565 954 uel
584 899 726 954 mutatae
747 900 776 956 et
798 900 975 974 quaesunt
997 892 1166 973 e‘usmodi,

64 997 140 1059 quoe
162 975 357 1038 amanuensi
372 977 488 1059 potius
510 997 608 1059 quam
630 975 698 1058 ipsi
720 977 847 1058 auctori
862 915 1037 1039 tribuenda
1053 977 1164 1040 viden-

63 1069 120 1122 tur.
150 1060 260 1124 Etiam
282 1059 463 1122 litterarum
485 1059 601 1122 ductus
624 1081 690 1122 non
712 1059 829 1144 ubique
851 1059 945 1122 idem.
996 1059 1063 1123 Sed
1084 1069 1165 1123 certe

64 1144 166 1207 omnia
187 1145 257 1228 ipse
279 1143 439 1207 Richerns
462 1144 583 1221 reuisit,
617 1143 666 1205 ita
688 1151 723 1204 ut
745 1145 824 1228 jure
847 1143 987 1207 codicem
1009 1153 1165 1229 autoqra·

59 1227 153 1311 phum
174 1228 277 1290 dicas.
309 1227 418 1290 “Liber
439 1228 587 1312 quamuis
609 1227 887 1290 emendationibus
903 1237 1035 1308 scateat,
1059 1228 1164 1290 oratio

64 1311 183 1394 quidem
205 1312 364 1374 continua
385 1321 515 1374 seruata
536 1320 590 1374 est.
633 1309 790 1374 lacunae
812 1334 895 1396 quus
919 1311 1088 1397 aliquoties
1111 1310 1163 1374 de-

59 1395 229 1478 prehendis
251 1395 452 1479 bibliopeqae
499 1397 582 1458 otius
627 1417 703 1458 roam
726 1397 870 1458 auctoris
890 1396 1006 1479 culpae
1021 1395 1163 1458 tribuen-

63 1479 117 1543 dae
137 1479 311 1560 oidentur,·
340 1478 458 1542 schedu
475 1501 511 1542 oe
532 1478 581 1541 uel
592 1416 686 1561 lolia
730 1479 870 1542 uaedam
921 1489 967 1543 ost
987 1479 1165 1542 inserenda

63 1562 186 1645 desunt;
208 1563 294 1626 idem
306 1561 454 1646 fortasse
478 1561 557 1626 alibi
578 1502 785 1626 statuendum
800 1571 853 1643 est,
876 1501 1164 1627 abstinebamus

63 1649 227 1730 exscripsit
259 1669 342 1732 quae
365 1669 452 1710 nunc
482 1648 518 1710 in
547 1647 656 1710 codice
678 1645 815 1725 frustra
844 1656 1079 1731 quaeruntur1.
1122 1647 1164 1710 In

63 1753 117 1815 quo
149 1729 346 1812 conficiendo
380 1754 452 1794 cum
474 1731 634 1794 Richerus
661 1731 787 1794 diutius
816 1741 992 1814 occncpatus
1026 1739 1105 1795 esset
1137 1740 1166 1796 et

64 1837 123 1878 non
145 1815 237 1878 semel
259 1815 375 1879 deleret
397 1836 480 1898 quae
503 1816 681 1899 scripserat
702 1837 802 1900 caque
822 1815 916 1878 modo
940 1815 1005 1879 alio
1026 1815 1093 1879 loco
1116 1817 1166 1878 in-

63 1909 179 1978 sereret,
200 1899 294 1963 modo
310 1921 454 1983 prorsus
476 1921 563 1962 noua
585 1899 726 1978 adderet,
745 1897 879 1982 factum
909 1909 964 1979 est,
994 1909 1030 1962 nt
1057 1921 1166 1962 rerum

64 1983 135 2046 ordo
152 1983 356 2064 turbaretur,·
379 2005 489 2067 neque,
512 1991 664 2067 utsupra
679 1984 859 2066 inpositum
873 1992 928 2062 est,
953 1983 991 2046 ab
1007 1986 1053 2047 eis
1069 1983 1165 2047 absti-

64 2068 129 2129 nuit
142 2090 224 2154 quac
239 2068 410 2131 historiam
426 2075 535 2150 aperte
551 2076 793 2151 corrumperent
807 2076 835 2128 et
839 2065 1028 2150 foedarent.
1075 2064 1166 2140 Quae

64 2173 128 2214 cum
154 2152 202 2214 ita
232 2153 308 2232 sint,
340 2174 406 2215 non
439 2149 533 2214 ualde
564 2146 768 2230 mirandum,
801 2152 898 2213 etiam
925 2151 1107 2215 blodoardi
1138 2160 1167 2214 et

65 2232 211 2316 dacberti,
235 2257 314 2320 quos
337 2245 463 2299 secutus
484 2244 530 2298 est
552 2244 706 2314 auctores,
729 2237 936 2298 narrationes
958 2238 1066 2298 minus
1079 2233 1164 2315 fide-

64 2316 128 2382 liter
148 2342 212 2383 esse
235 2321 428 2404 suscriptas,
462 2320 542 2404 quin
575 2318 751 2382 arbitrario
779 2319 828 2380 ita
855 2326 1007 2398 mutatas,
1039 2327 1075 2379 ut
1102 2339 1165 2380 sua

65 2402 258 2467 substitueret
290 2413 319 2467 et
347 2426 367 2466 a
396 2425 474 2467 uera
503 2403 643 2466 historia
675 2400 768 2486 lonqe
800 2401 976 2482 recederet,
1008 2400 1046 2465 id
1078 2401 1165 2484 qnod

67 2487 324 2551 annotationibus
364 2488 499 2572 adjectis
539 2487 685 2569 conposui.
756 2482 867 2558 Quare
899 2483 995 2549 laudi
1025 2485 1164 2549 Richero

66 2591 159 2654 supra
180 2571 319 2634 tributae
342 2571 577 2634 detrabendum
603 2593 677 2651 esse,
701 2571 776 2654 jam
805 2569 867 2633 alii
892 2579 974 2634 recte
1002 2570 1083 2633 mihi
1108 2591 1163 2634 esc-

62 2657 202 2736 posuisse
228 2656 391 2735 uidentur,
421 2657 466 2719 ad
494 2677 630 2740 quorum
652 2655 929 2719 commentationes
956 2653 1084 2718 lectores
1112 2675 1162 2718 re-

66 2739 169 2802 missos
189 2739 282 2802 velim
292 2750 313 2800 ².
357 2739 427 2802 Hoc
449 2739 517 2802 loco
539 2740 703 2802 monuisse
725 2736 881 2821 sufficiat,
908 2737 1028 2801 Pertzii
1049 2739 1161 2802 editio-

67 2843 129 2885 nem
141 2825 308 2907 repetitam
323 2845 390 2886 esse
405 2823 548 2886 Parisiis
565 2823 654 2886 1845.
671 2845 692 2884 α
705 2821 738 2886 J.
752 2820 889 2903 Gnadet,
912 2823 970 2906 qui
987 2824 1163 2886 versionem

68 2903 217 2970 Gallicam
229 2916 257 2972 et
272 2907 499 2971 adnotationes
511 2907 673 2990 quasdam
688 2906 826 2990 adjecit;
852 2907 979 2970 tertiam
988 2917 1106 2990 postea
1122 2906 1161 2969 ab

67 2989 98 3054 A.
120 2991 162 3054 M.
184 2991 387 3076 Poinsipnon
416 3013 487 3054 cum
513 2991 659 3054 versione
681 2989 850 3053 emendata
872 2999 901 3052 et
923 2992 1161 3071 commentario,

67 3084 189 3138 curante
211 3074 381 3139 academia
401 3075 562 3155 Remensi,
594 3097 624 3137 a.
649 3071 738 3136 1855.
766 3073 891 3158 publici
904 3075 998 3159 juris
1012 3073 1161 3156 factam,·

69 3153 284 3224 Germanicam
312 3181 384 3222 uero
406 3159 585 3222 versionem
605 3156 724 3222 Karoli
746 3157 783 3220 de
812 3156 1067 3222 Oeten-Sachen
1090 3181 1162 3222 cum

65 3241 261 3384 pensatione
268 3243 314 3306 W.
322 3242 558 3306 Wattenbacbii
568 3240 916 3324 (Geschichtschreiber
924 3242 981 3305 der
991 3243 1161 3306 deutschen

88 3329 186 3390 orzeit.
212 3327 384 3391 X.'.]ahrh.
408 3325 472 3390 Vol.
487 3326 543 3406 X.)
581 3324 686 3389 Berol.
711 3325 800 3388 1854.
843 3325 897 3386 Eu
919 3325 1036 3408 quibus
1084 3338 1160 3388 uat-

70 3407 131 3473 dum
158 3413 194 3474 in
226 3411 452 3474 adnotationes
481 3419 611 3473 nostras
640 3418 716 3472 sunt
736 3408 918 3490 translata,·
950 3408 1019 3472 alia
1050 3350 1090 3472 ab
1117 3412 1161 3473 iis

70 3504 160 3558 sumta
182 3496 310 3580 quires
334 3517 355 3557 a
375 3494 517 3558 Richero
543 3495 685 3556 traditas
715 3493 904 3556 accuratius
931 3502 1160 3577 exposuerant.

910 3581 949 3647 G.
985 3584 1119 3652 Waitr.

128 3709 154 3775 1)
174 3712 222 3762 SS.
236 3713 275 3762 VI
292 3729 325 3778 ,p.
340 3711 365 3762 6.
386 3712 420 3761 de
433 3711 486 3762 alio
507 3711 601 3762 codice
622 3713 751 3777 cogitavi3
777 3711 848 3776 quod
867 3713 1012 3778 probarunt
1031 3713 1161 3762 Reimann

71 3794 90 3842 p.
104 3784 143 3844 41,
162 3785 207 3850 qui
225 3791 298 3835 recte
317 3786 426 3845 monuit,
451 3785 552 3851 priores
571 3791 672 3835 tantum
693 3785 758 3835 duos
776 3785 858 3835 libros
878 3786 912 3834 ab
932 3785 1095 3836 Ekkehardo
1116 3801 1160 3836 ex·

71 3857 165 3922 scriptos
185 3873 252 3918 esse,
271 3873 322 3908 nec
340 3858 514 3908 Trithsmium
533 3859 692 3924 posteriores
713 3860 878 3922 cognovisse,
904 3860 949 3922 qni
969 3875 1035 3924 opus
1053 3859 1161 3909 Richcri

71 3922 145 3981 landet
163 3932 199 3980 ‘in
213 3931 278 3982 duos
291 3931 373 3982 libros
387 3930 520 3994 divisum'3
541 3933 665 3992 Witticb,
678 3932 868 3996 Forschnngen
880 3931 934 3991 III,
948 3948 972 3997 p.
987 3933 1046 3981 131.
1084 3933 1162 3982 Nunc

71 4005 141 4060 potins
155 4003 187 4053 de
200 4004 271 4054 foliis
290 4003 393 4069 aliquot
410 4005 504 4054 iterum
525 4005 666 4070 descriptis
686 4005 832 4068 cogitarim.
871 4005 1060 4069 Fragmentum
1079 4005 1161 4055 histo·

71 4073 112 4124 tiss
129 4078 282 4139 Francieae,
306 4077 499 4142 Forschnngen
518 4078 570 4138 III,
590 4094 615 4143 p.
638 4077 698 4140 145,
722 4076 821 4127 editum
841 4077 926 4132 minus
953 4083 1026 4127 recta
1045 4077 1160 4127 Richero

70 4146 166 4200 mbuere
179 4166 259 4200 ausus
271 4165 338 4200 sum.
413 4148 442 4214 2)
462 4149 503 4200 cf.
513 4150 651 4212 witmarus,
664 4150 834 4200 Jahrbiicher
844 4150 906 4198 Otto
918 4151 967 4212 ΙΙΙ,
986 4167 1012 4215 p.
1025 4149 1075 4197 175
1087 4166 1160 4215 sqq.;

71 4215 190 4285 Reimann,
202 4224 245 4272 De
258 4223 365 4273 Richeri
377 4224 433 4272 vita
446 4229 473 4272 et
485 4225 598 4289 scriptia,
612 4225 710 4276 Olsnac
727 4223 810 4285 18453
830 4223 1017 4282 wattenbach,
1037 4224 1064 4271 in
1077 4223 1160 4289 praef.

72 4291 245 4346 adversionem
256 4296 442 4346 Germanicam
454 4297 555 4361 p.XIII
563 4313 631 4363 sqq„
643 4305 670 4348 et
680 4294 947 4360 Geschichtsquellen
957 4297 977 4358 1,
988 4296 1075 4362 peno
1086 4313 1160 4362 sqq.;

72 4359 283 4428 Maurenbrecher,
302 4369 344 4419 De
364 4368 495 4419 historicis
516 4371 613 4420 decimi
633 4370 716 4422 seculi
736 4369 908 4435 scriptoribus
927 4386 953 4434 p.
975 4371 1008 4418 70
1028 4386 1087 4435 sqq.
