2938 5016
339 414 372 468 18
592 413 745 466 RICHERI
765 410 1017 464 ffls‘romalum
1035 409 1147 462 LIBER
1165 411 1188 460 1.

1462 509 1464 540 Ι

277 579 422 646 sso.culio
451 579 592 645 eiusdem
627 579 716 644 urbis
755 578 923 665 episcopo,
964 597 1003 641 oo
1083 587 1194 642 uenter
1230 575 1423 641 admittuntur.
1463 567 1464 586 ¹

338 663 479 728 Armatis
499 664 607 750 itaque
629 662 859 742 circumdatus,
881 659 1051 724 concilium
1095 669 1270 726 esertorum
1298 659 1424 745 stupenti-

338 745 398 811 bus
427 745 549 810 cunctis
577 753 730 832 penetrat.
781 745 963 830 Fractusque
991 741 1157 808 terribilisr
1185 743 1286 824 ‘Ubi’,
1307 745 1423 828 inquam,

338 833 397 894 ‘est
426 827 574 894 dominus
602 851 691 894 meus
713 827 803 892 rex'?
831 827 883 890 Ex
913 836 999 892 tam·
1025 825 1135 892 multis
1156 828 1251 913 pauci
1279 825 1424 891 admodum

338 911 552 998 respondendi
572 913 656 976 vires
677 909 826 990 habuere,
849 911 942 976 ¹’sese
963 911 1090 995 penitus
1112 911 1263 995 deceptos
1285 911 1349 975 rati.
1378 909 1426 989 Qui

338 1007 445 1062 amen
467 1017 541 1060 cum
556 995 678 1061 viribus
699 995 848 1060 resumtis
863 993 1019 1059 dicerent:
1042 993 1140 1058 ‘Intro
1163 1016 1237 1058 cum
1252 995 1359 1080 paucis
1372 1014 1425 1056 oon·
1462 1013 1464 1064 4

338 1079 456 1160 sultat’,
483 1078 746 1164 metropolitanus
776 1079 857 1144 ostio
887 1077 1031 1142 obserato
1061 1078 1126 1142 vim
1154 1078 1258 1142 infert.
1302 1077 1426 1172 Serisque
1462 1067 1464 1092 ‘

338 1161 562 1250 pessumdatis,
585 1174 677 1226 cumc
699 1162 811 1247 paucis
833 1160 996 1226 sedentem
1011 1162 1162 1247 repperit.
1205 1159 1343 1247 Captum
1362 1181 1426 1224 enum

339 1245 522 1314 custodibus
543 1243 694 1310 adhibitis
716 1244 874 1330 ergastulo
897 1243 1135 1344 deputaverant.
1179 1245 1253 1325 Quo
1274 1241 1428 1328 metropoli·

338 1341 431 1396 tanus
453 1349 550 1392 manu
571 1328 789 1415 apprehenso:
812 1326 922 1410 ‘Veni’,
944 1329 1056 1413 lnquit,
1078 1335 1160 1410 ‘rex‚
1188 1330 1318 1428 tuisque
1344 1327 1427 1412 potius

338 1415 445 1480 utere'.
489 1412 532 1478 Et
553 1413 639 1476 sica
660 1409 902 1498 metropolitano
923 1434 940 1476 e
963 1409 1160 1476 desertorum
1190 1412 1299 1476 meduo
1320 1413 1428 1475 eductus

338 1505 395 1562 est.
437 1495 529 1561 Tunc
556 1497 653 1562 etiam
682 1517 801 1581 equum
828 1493 1019 1575 ascendens,
1049 1516 1122 1558 oum
1156 1495 1237 1559 1500
1259 1505 1428 1560 armatorum
1462 1531 1463 1536 κ

338 1581 379 1646 ab
397 1579 475 1646 urbe
497 1579 597 1644 exivit
617 1580 735 1665 atqued
756 1579 874 1644 Remos
895 1579 1032 1644 devenit
1074 1578 1152 1642 Post
1166 1579 1257 1642 cuius
1280 1579 1429 1644 discessum
1461 1553 1464 1660 l

338 1663 536 1728 desertores(¹
559 1661 682 1748 pudore
705 1662 838 1742 confusi,
861 1659 969 1725 illusos
984 1683 1053 1726 sese
1068 1660 1327 1746 indignabantur.
1367 1659 1429 1724 Cou-

338 1745 485 1831 fusique⁰
512 1744 554 1808 ad
582 1744 772 1810 Rotbcrtum
802 1744 935 1810 redeunt
960 1754 1056 1829 atque
1084 1767 1152 1808 rem
1183 1767 1248 1809 non
1276 1748 1350 1810 satis
1376 1763 1429 1828 pro·

340 1849 432 1914 spere
453 1835 577 1912 gestam
599 1827 752 1894 desertori
781 1827 964 1913 transfugae
992 1839 1164 1913 reportant.
1211 1829 1351 1894 Karolus
1373 1845 1430 1890 vero

339 1932 398 1976 rex
426 1932 499 1975 cum
529 1909 772 2010 metropolitano
799 1910 933 1996 aliisque
961 1912 1090 1996 paucis,
1120 1912 1175 1996 qui
1202 1933 1222 1974 a
1243 1935 1279 1976 se
1308 1906 1432 2013 quidem
1458 1895 1464 1978 l

340 1993 534 2076 defecerant,
565 1996 758 2080 sapientium
786 2003 894 2059 tamen
922 1993 1053 2058 consilio
1081 1994 1122 2058 ad
1150 2017 1184 2059 se
1205 2017 1327 2061 reversu
1353 1999 1430 2068 erant,

339 2077 517 2164 Belgicae&
537 2078 688 2143 interiora
715 2079 831 2164 repetit
866 2099 905 2142 ac
937 2077 1106 2163 Tungrosh
1133 2079 1291 2144 concedit.
1340 2078 1430 2161 Ibique
1462 2101 1463 2142 ι

339 2162 489 2249 episcopo
510 2169 586 2226 nunc
607 2160 767 2244 defuncto,
789 2161 988 2242 Hilduinum,
1011 2160 1147 2247 eligente
1169 2161 1254 2227 clero
1277 2185 1316 2227 ao
1334 2158 1430 2248 populo
1462 2169 1463 2228 J

337 2245 473 2328 favente,
519 2266 554 2310 er
575 2243 849 2332 archiepiscopum
863 2245 1096 2310 Herimannum
1118 2245 1280 2331 presulem
1305 2243 1430 2320 oroneo,

338 2330 441 2395 virum
468 2267 632 2396 liberalem
661 2351 699 2394 ac
732 2339 912 2410 strenuum,
946 2327 1003 2392 sed
1039 2327 1216 2394 factiosum.
1265 2331 1349 2395 Nam
1374 2347 1431 2390 mox
1462 2341 1464 2400 4

285 2485 287 2490 ,
339 2416 509 2498 episcopus
532 2413 704 2494 ordinatus,
726 2413 788 2477 iis³
809 2411 959 2496 Belgicae
980 2412 1180 2497 principibus
1200 2414 1281 2498 quit
1304 2413 1431 2479 Rotberto
1461 2425 1464 2500 p

338 2495 413 2560 duci
433 2497 468 2559 in
487 2498 571 2581 regis
592 2495 771 2561 abiectione
792 2494 942 2560 favebant
962 2516 1040 2558 mox
1060 2495 1163 2562 haesit
1184 2505 1216 2560 et
1236 2497 1329 2580 favit,
1378 2493 1430 2558 lun'·
1461 2517 1463 2554 ι

338 2599 426 2642 mum
455 2599 529 2641 oum
561 2579 607 2642 eis
638 2589 749 2643 contra
781 2602 815 2645 re
839 2601 889 2644 em
928 2577 1123 2644 machinans.
1173 2579 1239 2644 At*
1268 2605 1328 2646 rex
1354 2519 1430 2644 bord

339 2679 469 2724 suorum
482 2681 558 2724 usus
574 2660 715 2743 consilio,
728 2685 788 2761 per
836 2663 1006 2728 eriveumm
1018 2662 1298 2748 metropolitanum
1310 2665 1430 2730 ducemm

229 2742 608 2824 ·r·⁶⁷⁷·Heinricumm·**,
631 2745 705 2894 *gui
726 2768 759 2809 m
775 2745 969 2810 Saxonia***
988 2747 1135 2813 omnibus
1151 2760 1289 2833 preerat,
1311 2745 1431 2813 accersit

338 2825 508 2974 Hiotenim
529 2826 570 2892 ab
588 2827 651 2893 Rot
674 2832 762 2894 erto†
784 2850 966 2915 persuasus,
989 2850 1063 2894 oum
1085 2830 1155 2895 aliis
1176 2830 1217 2896 ab
1240 2854 1317 2917 rege
1340 2832 1431 2896 disces·

338 2929 409 2974 sera
423 2957 430 2973 .

1460 2751 1462 2762 ι

364 3047 414 3112 23.
458 3044 672 3134 Conquestiou
695 3050 826 3114 Herivei
847 3050 1035 3116 Remensisn
1057 3051 1315 3138 metropolitanin
1336 3049 1412 3138 apud
1460 3007 1461 3022 l

599 3132 787 3198 Heinrioum
798 3145 821 3176 ¹¹·
834 3135 860 3176 *t
882 3154 941 3219 pro
963 3134 1083 3200 Karolo
1104 3157 1188 3221 rege.

419 3230 522 3297 Penes
549 3254 645 3333 quem
670 3233 932 3321 metropolitanus
961 3237 1031 3300 vice
1058 3238 1143 3336 regis
1170 3238 1217 3300 sic
1250 3250 1361 3303 orsus⁰
1386 3235 1432 3298 ait:
1459 3277 1460 3282 η

337 3312 525 3398 ‘Hactenus,
554 3339 603 3382 vur
628 3317 842 3401 nobilissime,
870 3327 926 3382 tua
954 3318 1140 3404 prudentia,
1162 3330 1218 3384 tua
1238 3319 1432 3388 liberalitatel

336 3418 401 3483 pax
422 3399 616 3486 principum,
637 3403 806 3466 eoncordia
821 3402 963 3466 omnium
978 3403 1097 3468 utiliter
1111 3403 1255 3469 floruere.
1300 3406 1346 3470 At
1364 3409 1432 3489 post·

408 3557 419 3584 .
798 3565 804 3580 .
855 3565 862 3578 .
940 3565 947 3578 .
985 3565 991 3580 .
1079 3568 1106 3582 ..

421 3558 863 3703 ³ttplttt‘ttatttttt
881 3561 1210 3707 dttztttttttt
1226 3565 1432 3706 ttttdttt

454 3705 574 3758 omnibus
590 3707 677 3773 potior
696 3715 760 3771 erat,
779 3724 827 3776 per
842 3709 946 3775 legatos
959 3714 1081 3763 accersit.
1119 3713 1172 3762 Hic
1187 3715 1256 3764 enim
1271 3715 1305 3764 ab
1319 3712 1431 3764 Heinrico

454 3790 595 3841 persuasus
616 3793 675 3829 cnm
694 3780 755 3831 aliis
773 3781 907 3833 nonnullis
921 3781 955 3832 ab
968 3797 1032 3848 rege
1049 3784 1228 3837 discesserant
1247 3784 1328 3851 (corr.
1348 3787 1432 3836 disces·

453 3845 545 3914 serat).
582 3850 619 3902 tut
631 3854 776 3904 accersitus
790 3869 850 3904 oum
863 3853 946 3905 multo
959 3855 1059 3908 honore
1073 3863 1136 3909 ante
1149 3873 1239 3924 regem
1254 3859 1397 3910 admittitur
1414 3856 1431 3903 1.

396 3913 432 3982 ”)
452 3918 629 3974 Gislebertnm
650 3925 674 3975 1.
747 3922 796 3992 ι“)
815 3924 855 3976 o‘to
874 3925 904 3989 23
925 3926 1040 3994 Belgica
1059 3926 1097 3996 (t)
1120 3931 1143 3982 1.

408 3985 431 4056 l)
450 3992 490 4043 ita
509 3993 542 4058 23
562 3995 691 4048 Heinrico
713 3997 737 4048 1.
811 3995 847 4063 Η)
867 3997 906 4048 ito
925 3999 941 4048 2
960 3999 990 4051 in
1008 4002 1063 4053 loco
1082 4019 1154 4055 roeo.

392 4132 478 4206 alupoat
493 4137 542 4179 add.
601 4136 814 4190 omnitenens.
833 4144 926 4194 1,corr.
944 4146 966 4186 2.
1027 4146 1048 4200 c)
1065 4157 1085 4188 c.
1101 4148 1190 4189 duobus
1205 4153 1294 4191 tantum
1311 4152 1332 4191 l.
1383 4145 1429 4198 ἀμ·

332 4193 360 4234 Β,
377 4193 398 4236 d.
415 4205 439 4235 aa
453 4207 521 4247 maro.
573 4195 595 4250 e)
611 4199 714 4247 Irathne
731 4202 751 4252 1,
767 4211 824 4244 corr.
842 4203 862 4242 a.
913 4199 932 4254 t)
947 4205 971 4244 tn
986 4216 1054 4256 marg.
1070 4207 1120 4246 odd.
1165 4205 1188 4259 ς)
1203 4209 1227 4248 ln
1243 4211 1268 4250 B.
1285 4208 1401 4258 superiora
1414 4204 1429 4240 1.

332 4251 355 4304 h)
370 4251 469 4304 Tungris
485 4257 507 4296 1.
566 4257 585 4309 1)
601 4258 716 4299 ordinarit
731 4261 752 4312 1,
768 4270 823 4299 eorr-
840 4262 860 4302 2.
920 4260 945 4314 k)
962 4273 985 4312 q.
1001 4275 1053 4304 enm
1067 4264 1176 4306 Rotberto
1191 4267 1248 4308 duce
1263 4277 1342 4317 regem
1358 4266 1431 4306 abiece-

333 4314 385 4349 rant
400 4313 421 4362 1,
442 4323 498 4355 corr.
514 4313 534 4353 2.
594 4314 611 4367 1)
627 4317 651 4356 b.
667 4327 686 4359 ι.
701 4328 724 4359 ιι.
742 4328 760 4357 o.
775 4318 800 4357 r'o
814 4329 883 4369 maro.
944 4320 976 4373 m)
992 4323 1042 4364 taso
1058 4324 1079 4366 8.
1135 4321 1161 4376 n)
1176 4325 1217 4378 tlo,
1240 4326 1309 4376 ensis,
1336 4326 1380 4374 ani,
1400 4328 1430 4360 11¹³

330 4367 387 4410 abac.
449 4367 472 4421 ο)
488 4380 501 4410 e
516 4381 572 4413 corr.
633 4372 658 4426 p)
673 4375 767 4416 liberali
782 4377 877 4426 turonio
893 4379 915 4419 1.
1455 4363 1456 4453 l
