2936 5010
256 402 409 456 Rlcflntu
428 404 681 458 HISTORIARUM
699 407 811 459 LIBER
829 408 884 460 III.
1105 411 1141 461 91

48 571 182 637 bonorum
219 569 339 638 utilitas
379 581 429 638 et⁸
460 594 567 637 rerum
601 572 750 639 honestas
782 596 853 639 com
879 583 995 640 aratur.
1051 575 1202 642 Sicutara.

47 664 156 721 econtm
175 657 400 744 pernitiosum,
428 658 457 720 si
478 658 570 742 pravi
598 656 768 740 confluant,
798 669 834 723 ut
855 683 865 722 1
889 661 964 725 icita
986 670 1140 746 quaerant

47 751 70 806 et
93 739 246 828 expleant.
297 739 391 806 Unde
421 749 452 805 et
473 763 540 824 vos,
564 762 643 827 quos
672 743 706 805 in
734 742 798 807 Dei
830 744 958 808 nomine
990 743 1138 810 collectos

46 825 171 907 arbitror,
196 826 318 912 optima
339 847 491 911 quaerere
513 824 621 890 hortor
641 837 738 912 atque
759 849 801 891 ex
822 825 1036 894 malivolentia
1059 828 1140 894 nihil

45 907 130 974 moliri
154 932 278 976 moneo.
321 909 423 974 Amor
450 909 601 990 secularis
630 921 661 976 et
690 911 800 975 odium
828 911 915 997 apud
944 933 1002 976 vos
1030 910 1138 977 locum

45 991 147 1058 nullum
168 993 316 1076 habeant,
339 993 475 1080 quibusb
497 1004 665 1060 enervatur
686 995 815 1076 iustitia,
838 995 982 1081 aequitas
1004 995 1138 1061 suffoca-

45 1088 89 1143 tur.
120 1079 225 1144 Vestri
247 1079 364 1144 ordinis
386 1079 518 1165 antiqua
538 1077 648 1163 religio
674 1077 715 1144 ab
738 1080 935 1165 antiquitatis
964 1080 1137 1163 honestate,

7 1171 9 1232 ζ
45 1171 71 1225 ut
86 1162 166 1227 fama
187 1172 244 1245 est,
267 1162 518 1249 supramodum
540 1163 709 1228 aberravit.
751 1163 923 1228 Dissidetis
950 1164 1036 1227 enim
1057 1165 1139 1230 inter

7 1249 8 1252 ’
43 1267 86 1310 vos
108 1249 140 1310 in
167 1248 239 1334 ipsa
260 1245 415 1331 regularis
437 1245 557 1312 ordinis
579 1247 816 1331 consuetudine,
844 1269 916 1311 cum
938 1246 1029 1313 aliter
1049 1247 1137 1330 alter,

7 1331 8 1334 ’
44 1328 105 1395 alter
123 1330 213 1396 aliter
233 1330 310 1396 velit
331 1352 368 1394 ac
390 1332 512 1398 sentiat.
554 1331 685 1417 Quapro
710 1341 758 1396 ter
780 1341 811 1397 et
832 1332 992 1397 sanctitati
1012 1342 1138 1398 vestrae

7 1445 8 1452 1
43 1411 175 1480 hactenus
203 1416 338 1480 multum
366 1414 553 1502 derogatum
582 1427 638 1481 est.
721 1414 783 1480 ndo
809 1426 841 1481 et
869 1415 945 1481 utile
975 1415 1070 1498 duxi,
1103 1426 1138 1482 ut

7 1513 9 1578 ζ
43 1496 117 1562 vobis
137 1499 189 1562 hic
210 1500 314 1584 gratia
334 1499 398 1564 Dei
419 1500 453 1562 in
474 1522 573 1563 unum
596 1498 736 1564 collectis
758 1500 911 1564 suadeam
931 1500 1018 1565 idem
1046 1499 1136 1582 velle,

43 1580 110 1646 idem
136 1585 267 1662 sentire,
297 1583 384 1648 idem
413 1586 587 1669 cooperari,
617 1594 653 1648 ut
681 1583 792 1648 eadem
820 1583 997 1667 voluntate,
1024 1584 1138 1650 eodem

8 1697 9 1700 ¹
43 1685 134 1750 sensu,
166 1667 279 1733 eadem
306 1668 529 1754 cooperatione
557 1677 589 1732 et
615 1670 716 1733 virtus
744 1666 891 1754 neglecta
916 1677 1079 1756 repetatur
1107 1678 1139 1734 et

7 1757 9 1764 ⁴
42 1752 188 1834 pravitatis
210 1751 351 1817 dedecus
372 1751 648 1817 vehementissime
670 1751 894 1839 propulsetur'.

7 1871 8 1902 ³
98 1872 145 1936 34.
188 1873 388 1959 Responsioc
408 1873 572 1958 primatisc
593 1882 625 1938 et
646 1873 679 1936 in
700 1886 838 1959 pravcs⁰
859 1873 1037 1960 indignatio
1046 1887 1068 1940 ⁰.

7 2091 9 2140 3
41 2055 201 2142 uulgatum
228 2067 289 2140 est,
318 2068 410 2146 pater
436 2061 644 2141 sanctissime,
674 2059 739 2124 alta
759 2062 914 2125 memoria
935 2061 1059 2126 conden

106 1973 158 2039 Ad
171 1974 252 2038 haec
266 1972 420 2039 abbatum
433 1975 568 2062 primas:
590 1974 696 2057 ‘Quod
710 1976 781 2058 hic’,
795 1977 899 2062 inquit
907 1978 931 2059 d,
955 1983 999 2040 “a
1017 1987 1050 2044 te
1060 1999 1138 2126 Kro—
1149 1987 1207 2033 *aa
1224 1989 1269 2034 ¹⁴⁴·

1082 2084 1138 2124 um

7 2153 9 2226 s
41 2149 89 2221 est,
114 2164 150 2206 eo
172 2142 260 2229 quod
281 2152 312 2206 et
333 2164 504 2228 corporum
532 2143 565 2207 di
613 2149 719 2208 'tatem
745 2154 777 2208 et
798 2145 976 2208 animarum
1003 2143 1138 2209 salutem

7 2511 9 2554 ;
41 2473 189 2544 dedecoris
212 2479 419 2560 contraxisse,

7 2573 8 2576 ’
38 2559 138 2628 rimus.
170 2562 268 2644 Quod
281 2564 377 2628 etiam
398 2499 498 2627 multa
520 2561 739 2648 obiurgatmne
760 2562 1058 2650 reprehendendum
1080 2573 1138 2647 est,

8 2709 9 2722 ,
40 2661 101 2709 cum
119 2669 179 2712 nec
200 2647 330 2732 ignavia
350 2669 410 2712 nos
430 2647 678 2734 precipitaverit,
705 2669 765 2712 nec
787 2648 897 2734 inopia
917 2647 960 2713 ad
980 2647 1015 2713 id
1036 2649 1138 2735 impu·
1173 2649 1174 2656 ’

7 2237 8 2258 ¹
40 2223 161 2291 affectes.
210 2225 344 2292 Oonatat
369 2228 485 2310 enims,
507 2227 549 2291 ad
598 2226 721 2291 abitum
740 2229 866 2292 virtutis
887 2229 1047 2293 neminem
1067 2249 1138 2314 per-

7 2339 8 2362 :
40 2309 156 2395 venisse,
182 2311 246 2374 nisi
274 2333 369 2397 quem
396 2309 466 2375 talis
492 2311 617 2374 animus
644 2310 789 2392 munivit,
818 2333 881 2396 quo
905 2320 937 2374 et
958 2311 1138 2397 appetenda

39 2401 144 2472 peteret
175 2403 207 2459 et
239 2394 369 2460 vitanda
400 2392 564 2460 refelleret.
606 2393 701 2459 Unde
734 2404 765 2459 et
796 2403 893 2481 patet,
926 2416 985 2459 nos
1016 2393 1139 2481 aliquid

464 2478 529 2542 uod
550 2477 591 2544 ab
610 2479 800 2577 appetendis
815 2477 998 2564 aliquanto⁶
1013 2478 1138 2546 aberra-

38 2721 114 2795 lerit'.

157 2851 209 2916 35.
251 2852 353 2917 Itemr
371 2851 563 2938 indignatio‘
582 2851 746 2938 primarias
766 2853 813 2942 (in
834 2853 1009 2941 vitiososs).

109 2954 211 3035 ‘Quae
233 2955 318 3019 enim
339 2956 388 3020 vis
409 2953 545 3041 impulit,
567 2963 603 3019 ut
625 2953 799 3019 monachus
821 2955 904 3019 intra
919 2953 1059 3020 claustra
1074 2977 1140 3020 mo-

38 3039 153 3102 nasterii
174 3039 349 3103 dominicis
374 3040 510 3104 servitiis
539 3039 772 3125 mancipandus
801 3049 999 3124 compatrem
1024 3038 1140 3105 habeat

37 3126 62 3180 et
80 3131 242 3209 compater
262 3122 411 3188 dicatur?
446 3123 490 3188 Et
511 3125 529 3187 ό
552 3134 706 3209 quantum
719 3132 829 3186 nostro
845 3123 949 3187 ordini
964 3123 1139 3205 dissentiat,

38 3205 233 3272 considerate.
270 3206 315 3288 si,
337 3207 478 3292 inquam,
501 3217 664 3292 compater
685 3217 742 3288 est,
763 3217 800 3271 ut
813 3229 833 3270 a
846 3206 1010 3271 verisimili
1048 3207 1140 3271 roba-

37 3278 89 3352 bile
109 3290 247 3372 efferam,
270 3311 344 3354 cum
366 3313 404 3355 eo
448 3293 482 3355 ui
503 3300 595 3378 pater
616 3300 664 3354 est
684 3291 754 3376 ipse
769 3301 817 3356 est
831 3300 862 3355 et
876 3300 976 3376 pater.
1039 3291 1139 3354 ivero

36 3379 115 3452 pater
141 3385 204 3458 est,
231 3372 333 3440 filium
362 3373 412 3440 vel
427 3313 536 3440 (iliam
563 3372 680 3439 habere
701 3374 835 3439 dubium
855 3396 920 3438 non
941 3383 998 3438 est.
1042 3373 1138 3438 Unde

35 3462 61 3516 et
79 3468 235 3523 scortator
255 3459 362 3546 potius
407 3482 482 3524 uam
503 3457 678 3523 monachus
701 3458 856 3524 dicendus
878 3467 934 3523 est.
972 3455 1038 3523 sed
1060 3455 1139 3543 quid

34 3533 67 3601 de
87 3543 285 3609 commatre?
327 3481 416 3625 Quid
441 3543 476 3608 in
496 3543 557 3608 hoc
583 3543 711 3608 nomine
732 3566 752 3608 a
778 3540 975 3608 secularibus
1004 3563 1139 3640 perpen-

34 3618 110 3689 ditur
142 3628 205 3692 nisi
240 3626 449 3728 turpitudinit
478 3625 712 3693 consentanea?
758 3626 830 3692 Hoc
864 3626 939 3692 licet
966 3625 1138 3692 verisimrle

32 3702 145 3794 dicens,
175 3710 372 3777 secularrbus
400 3735 465 3778 non
492 3711 668 3798 preiudico,
697 3711 755 3776 sed
775 3721 883 3776 nostro
907 3710 1010 3778 ordini
1031 3707 1141 3775 illicita

32 3795 232 3877 reprehendo
277 3796 373 3878 Quod
402 3797 478 3884 quia
505 3798 647 3884 ineptum
672 3795 809 3878 videtur,
830 3805 937 3861 vestra
957 3795 1139 3860 intermina·

32 3873 109 3942 tione
138 3877 348 3946 inhibendum
375 3885 441 3948 est’.
483 3880 544 3946 His
565 3881 763 3946 venerandus
785 3877 1045 3966 metropolitanus
1067 3879 1140 3943 sub-

31 3956 176 4060 iungens:
203 3963 267 4047 ‘Sit
296 3966 409 4051 inquit,
436 3963 551 4052 ‘placet
579 3965 701 4047 sinodo,
730 3964 955 4030 interdicetur’.
1000 3961 1138 4028 Sinodus

32 4039 123 4111 dina:
140 4047 380 4115 ‘Interdicaturt
408 4048 647 4137 Metropolitani
660 4050 768 4136 itaque
782 4047 979 4129 auctoritate,
996 4046 1139 4111 omnium

31 4147 185 4197 consensu
204 4131 375 4198 inhibitum
396 4143 453 4199 est.

83 4294 106 4347 ι)
120 4300 174 4346 pest
183 4297 231 4338 cdd.
293 4295 318 4350 b)
334 4308 431 4348 quorum
446 4299 520 4339 altaro
537 4299 555 4338 1.
617 4294 639 4350 c)
659 4307 726 4349 pons,
742 4296 793 4348 atta,
808 4306 857 4347 vos,
873 4296 920 4336 atto
935 4293 992 4340 obn.
1051 4291 1075 4346 d)
1089 4297 1140 4345 post

30 4351 123 4395 additam
138 4356 229 4398 atdetm.
327 4354 349 4410 ο)
372 4358 396 4398 ts
405 4358 450 4398 loeo
465 4357 548 4400 mot.
639 4353 658 4408 1)
680 4357 699 4409 1,
714 4355 761 4404 ind,
777 4356 860 4408 prima,
876 4365 902 4396 οι
918 4355 989 4404 abeat
1018 4353 1043 4394 ln
1058 4354 1082 4396 vr
1098 4354 1139 4394 dcl.

29 4407 51 4461 a)
65 4415 216 4466 rurpraucrnn
232 4416 253 4458 r.
