2936 5010
259 382 413 434 clonae}
433 383 685 436 HISTORIARUM
703 383 815 436 LIBER
834 384 887 438 111.
1105 384 1155 434 103

14 555 15 586 l
60 551 180 615 fistulam
203 552 374 633 constituit,
395 552 430 615 in
451 552 540 616 cuius
563 550 783 616 cacuminibus
806 551 887 616 duos
909 551 1000 637 polos
1021 551 1154 617 boreum

60 645 85 699 et
103 633 336 700 austronothum
357 635 513 700 notandos
536 657 605 701 esse
626 636 770 700 instituit.
814 635 1057 701 Semicirculum
1078 658 1153 701 vero

60 718 158 804 apolo
179 719 220 783 ad
266 719 352 784 olum
374 719 416 783 30
460 719 582 784 artibus
605 718 721 784 divisit.
766 719 910 800 Quarum
938 743 997 784 sex
1018 743 1038 784 a
1058 718 1155 806 polo⁸

60 803 209 884 distinctis,
254 803 368 868 stulam
389 742 544 886 aclibus,
566 825 734 890 perquam
750 803 911 868 circularis
926 804 1010 868 linea
1024 805 1154 870 aretieil

13 893 14 900 ’
60 889 231 972 signaretur.
287 889 365 952 Post
400 910 479 973 quas
516 889 613 952 etiam
652 889 792 987 quinque
828 888 980 970 diductis,
1015 888 1154 952 fistulam

59 993 170 1058 quoque
205 972 338 1054 adiecit,
375 993 457 1058 quae
493 971 677 1036 aestivalem
713 972 952 1038 circulationem
987 973 1153 1038 indicaret.

13 1071 14 1096 ³
59 1056 169 1121 Abinde
192 1078 318 1143 quoque
340 1065 475 1141 quatuor
502 1055 622 1139 divisis,
649 1056 789 1122 fistulam
817 1055 992 1122 identidem
1019 1056 1153 1138 addidit,

59 1139 128 1204 unde
160 1138 400 1226 aequinoctialis
432 1140 610 1206 rotunditas
647 1141 930 1206 commendaretur.
984 1139 1153 1226 Reliquum

12 1279 13 1284 ,
58 1246 121 1288 vero
142 1227 280 1310 spatium
302 1247 404 1310 usque
426 1223 468 1288 ad
488 1227 611 1289 notium
633 1223 743 1310 polum
765 1225 885 1290 eisdem
903 1223 1153 1289 dimensionibus

59 1308 195 1374 distinxit.
241 1308 341 1374 Cuius
367 1310 567 1374 instrumenti
593 1309 673 1374 ratio
700 1311 734 1374 in
760 1318 882 1373 tantum
908 1308 1017 1390 valuit,
1047 1318 1082 1372 ut
1111 1309 1153 1372 ad

12 1453 13 1466 ,
58 1391 149 1476 polum
171 1415 230 1457 sua
251 1393 404 1458 diametro
427 1391 546 1458 directa
567 1415 605 1457 ac
628 1392 819 1457 semicirculi
837 1393 1045 1479 productione
1060 1415 1153 1478 supe·

12 1495 13 1548 l
59 1477 111 1540 rius
129 1500 230 1560 versa,
259 1475 392 1540 circulos
414 1476 538 1542 visibus
565 1479 750 1563 inexpertos
772 1477 922 1542 scientiae
945 1476 1035 1541 daret
1058 1486 1153 1563 atque

12 1567 13 1570 ’
59 1559 110 1624 alta
129 1563 282 1626 memoria
302 1560 498 1626 reconderet.

80 1681 122 1744 sl.
154 1681 274 1766 Sperae
297 1683 485 1767 compositio
506 1681 640 1768 planetis
663 1681 914 1768 cognoscendisc
935 1682 1101 1767 aptissima
1109 1692 1130 1744 ⁰.

126 1784 331 1849 Errantium*
354 1807 479 1871 quoque
502 1783 641 1848 siderum
664 1783 776 1848 circuli
798 1807 872 1848 cum
893 1785 977 1848 intra
997 1783 1153 1848 mundum

11 1879 13 1902 l
57 1865 190 1948 ferantur,
214 1879 246 1932 et
257 1879 367 1934 oontm
389 1867 588 1950 contendant,
611 1889 674 1954 quo
689 1879 797 1933 tamen
811 1868 946 1933 artificio
961 1867 1152 1950 viderentur,

57 1953 195 2017 scrutanti
230 1974 296 2016 non
331 1952 439 2018 defuit.
497 1952 648 2039 inprimis
684 1954 768 2016 enim
804 1975 931 2039 speram
967 1951 1153 2016 circularem

57 2035 161 2119 effecit3
182 2035 244 2101 hoc
268 2047 377 2101 estex
398 2037 473 2101 solis
496 2035 621 2101 circulis
637 2045 843 2101 constantem.
886 2037 925 2100 In
962 2059 1004 2100 ua
1019 2035 1153 2101 circulos

11 2117 12 2200 l
57 2117 123 2184 duos
144 2123 199 2220 qui
220 2120 369 2186 aGreois
390 2120 530 2203 coluri1,
560 2143 580 2184 a
593 2121 714 2184 Latinis
737 2120 912 2185 incidentes
934 2060 1091 2199 dicuntur,
1114 2141 1151 2182 eo

11 2267 12 2274 ,
57 2204 131 2287 quod
149 2228 183 2268 sn
201 2228 271 2270 sese
284 2205 426 2270 incidant
440 2203 652 2290 complicavit.
694 2205 734 2268 In
749 2225 883 2289 quorum
898 2201 1152 2268 extremitatibus

56 2287 133 2433 polos
161 2289 241 2353 fixit.
291 2288 382 2354 Alios
413 2311 490 2354 vero
521 2289 661 2386 quinque
698 2287 849 2368 circulos,
886 2289 942 2374 qui
976 2285 1153 2372 paralleli**

10 2430 11 2442 ,
75 2372 198 2456 icuntur,
229 2372 344 2438 coluris
372 2374 579 2459 transposuit,
613 2382 659 2435 1ta
689 2381 725 2436 ut
756 2394 776 2435 a
804 2370 879 2456 polo
908 2370 950 2436 ad
1002 2369 1086 2433 olum
1112 2369 1154 2433 30

10 2451 11 2476 ³
56 2467 149 2539 partes
170 2480 282 2544 sperae
304 2458 506 2521 medietatem
529 2455 723 2538 dividerent3
745 2456 842 2542 idque
857 2476 922 2519 non
990 2475 1032 2540 go
1049 2475 1153 2541 neque

56 2541 183 2607 confuse.
231 2541 313 2606 Nam
341 2541 381 2604 de
406 2543 448 2606 30
473 2540 624 2604 dimidiae
652 2561 763 2626 sperae
791 2539 934 2626 partibus
964 2561 984 2602 a
1008 2537 1083 2624 polo
1113 2537 1153 2602 ad

10 2697 11 2700 Ἴ
56 2626 180 2706 primum
217 2625 371 2690 circulum
409 2648 467 2690 sex
499 2624 677 2706 constituit,
714 2646 733 2686 a
766 2624 870 2710 primo
902 2621 944 2688 ad
977 2622 1154 2688 secundum

10 2713 11 2720 ’
56 2711 198 2803 quinque3
221 2733 240 2772 a
262 2709 402 2774 secundo
424 2709 466 2774 ad
487 2710 614 2774 tertium
631 2718 782 2794 quatu0r3
805 2731 825 2772 a
840 2708 934 2772 tertio
949 2707 991 2772 ad
1007 2717 1154 2794 quartum

57 2793 154 2858 itidem
176 2804 326 2880 quatu0r3
363 2815 383 2856 a
404 2805 516 2880 quarto
544 2793 586 2856 ad
612 2793 778 2880 quintum‘¹
806 2794 883 2891 quin
907 2815 961 2876 ue,
997 2815 1017 2856 a
1044 2791 1153 2878 quinto

56 2897 147 2963 usque
168 2879 211 2944 ad
231 2878 342 2966 polum
363 2900 430 2943 sex.
473 2879 535 2942 Per
563 2875 621 2942 hos
648 2899 775 2964 quoque
803 2898 867 2940 crrc
904 2898 938 2940 os
960 2897 1034 2941 eum
1056 2877 1155 2939 eircu-

56 2956 113 3024 lum
139 2963 323 3050 obliquavit,
377 2963 411 3026 ui
438 2985 458 3026 a
488 2963 601 3026 Grecis
628 2959 741 3025 lox0s¹
771 2959 842 3026 vele
871 2973 963 3043 zoel,
990 2983 1010 3024 a
1031 2959 1155 3024 Latinis
1204 3019 1205 3024 ,

57 3043 191 3146 obliquus
220 3046 272 3111 vel
300 2984 403 3111 vitellis
433 3045 557 3129 dicitur,
588 3067 625 3111 eo
676 3045 741 3109 uod
767 3045 953 3109 animalium
981 3043 1101 3128 figuras
1123 3044 1157 3106 in

56 3129 141 3195 stellis
173 3132 342 3196 contineat.
395 3131 484 3194 Intra
511 3130 596 3194 hunc
629 3069 793 3216 obliquum
822 3129 995 3192 errantium
1023 3125 1156 3191 circulos

56 3213 126 3279 miro
147 3217 281 3281 artificio
304 3215 478 3302 suspendit.
529 3215 673 3295 Quorum
702 3213 831 3277 absidas
860 3221 892 3277 et
912 3211 1103 3294 altitudines,
1137 3232 1156 3273 a

55 3317 115 3363 sese
135 3303 231 3365 etiam
254 3299 419 3364 distantias
441 3297 659 3363 efficacissime
689 3298 755 3360 suis
777 3295 1015 3360 demonstravit.
1059 3294 1156 3376 Quod

55 3383 315 3527 quemadmodum
336 3383 440 3464 fuerit,
470 3383 511 3448 ob
538 3381 775 3468 prolixitatem⁰
803 3379 855 3442 hic
876 3401 994 3465 ponere
1016 3399 1155 3442 commo-

76 3487 122 3531 um
135 3491 200 3534 non
222 3477 277 3551 est,
300 3490 340 3532 ne
361 3467 456 3532 nimis
478 3488 497 3529 a
518 3465 680 3552 proposito
703 3462 866 3529 discedere
888 3462 1066 3527 videamur.

53 3585 100 3650 53.
128 3587 239 3654 Aliael
267 3609 377 3674 sperae
400 3587 607 3674 compositos
626 3586 725 3674 signis
747 3583 996 3670 cognoscendisf
1014 3582 1156 3648 idoneas.

129 3692 219 3756 Fecit
238 3700 344 3776 preter
364 3689 444 3754 haec
455 3710 580 3776 speram
602 3688 732 3756 alteram
748 3687 944 3768 circularem,
959 3687 1042 3750 intra
1060 3707 1156 3773 quam

54 3771 179 3840 circulos
208 3775 338 3862 quidem
366 3796 431 3838 non
460 3772 640 3853 collocavit,
670 3774 727 3839 sed
756 3773 893 3860 desuper
921 3771 1031 3836 ferreis
1059 3781 1155 3856 atque

121 3935 143 4002 *l
162 3937 216 3989 Sed
235 3938 286 3988 hoc
305 3937 339 3987 ad
360 3936 474 3988 circulos
489 3936 699 3988 intellectibiles.
736 3938 840 4000 Quanto
861 3936 941 3986 etiam
960 3935 1049 3986 studio
1067 3907 1155 3984 erran·

164 4013 229 4062 tium
249 4009 366 4062 siderum
387 4010 500 4061 circulos
520 4012 663 4077 aperuerit,
683 4010 772 4061 dicere
791 4025 844 4060 nou
863 4009 976 4076 pigebit.
1015 4007 1067 4068 Qui
1088 4007 1113 4058 1.

116 4081 149 4150 ”l
167 4086 212 4151 qui
231 4100 248 4135 a
268 4083 360 4135 Grecis
379 4083 511 4150 paralleli,
531 4099 547 4134 a
565 4085 669 4135 Latinis
688 4085 869 4154 aequistantes
890 4081 1013 4132 dicuntur
1034 4080 1058 4130 1.

111 4207 131 4262 ⁸)
150 4222 172 4261 1³.
189 4223 281 4254 mensus
299 4214 319 4253 1.
394 4209 418 4264 b)
442 4212 509 4252 srtlcl
524 4223 581 4253 corr.
598 4212 685 4254 cretici.
760 4207 781 4261 c)
804 4208 958 4259 satientor.
1035 4204 1058 4258 d)
1075 4206 1154 4256 quinto

54 4265 155 4309 similiter
171 4273 190 4312 1,
251 4269 272 4323 e)
286 4273 336 4320 poet
352 4270 401 4310 add.
461 4269 480 4322 l)
497 4271 558 4324 Allo,
576 4281 649 4323 comp,
666 4279 732 4322 cogn,
749 4270 787 4309 luo
804 4268 862 4310 absc.

127 4383 152 4448 1)
169 4378 302 4455 κόλουροι.
398 4381 428 4451 2)
446 4378 533 4448 idios,
552 4377 617 4453 ζωή.
