2938 5016
285 421 439 472 RICHERI
458 419 710 472 HISTORIARUM
729 419 840 469 LIBER
861 419 896 470 11.
960 453 964 462 ·
1109 419 1144 468 43

50 592 84 656 rei
108 588 248 655 militaris
279 588 584 654 administrationem
611 587 732 674 absque
762 607 799 651 eo
829 587 913 652 1111Ι
943 586 992 652 dis
1018 587 1205 653 suebatssr.

49 674 222 738 leudunum
260 674 368 760 itaque
399 671 502 738 tendit
539 672 649 758 ibique
682 680 816 736 matrem
849 695 940 736 suam
971 610 1145 758 lllhgivam

49 761 173 844 reginam
188 757 230 822 ad
245 757 334 822 urbis
350 757 526 822 custodiam
542 755 582 820 de
607 763 683 820 1111.
726 755 776 819 Α1
791 755 908 822 exinde
924 777 1145 843 quaecumque

66 853 136 907 reter
163 841 278 926 drpcem
306 841 518 907 adoriebatur.
569 778 665 922 (duod
687 842 783 905 etiam
804 839 865 904 fuit
885 862 949 904 non
971 841 1144 905 minimaeb

48 866 113 991 labis
134 927 349 992 seminarium.
392 926 472 990 Dux
499 927 639 991 etenima
667 946 701 988 re
725 947 775 987 ern
803 947 880 989 suae
911 925 1144 1011 procurationis

49 1011 271 1096 dispositionem
292 1009 470 1098 reppulisse
491 1009 670 1088 advertens,
727 1008 898 1073 eribertum
919 1009 1068 1073 comitem
1083 1008 1145 1072 sibi

49 1097 167 1178 asciscit,
189 1094 328 1182 plurima
349 1094 436 1181 apud
459 1116 533 1158 eum
548 1094 582 1156 in
595 1093 681 1178 regis
697 1091 922 1158 contumeliam
937 1103 1144 1192 pertractans.

49 1180 214 1326 amicitiam
241 1179 325 1244 inter
353 1201 421 1243 sese
450 1187 594 1242 mutuam
621 1176 857 1243 conditionibus
884 1187 1045 1264 utrimque
1072 1198 1145 1240 con-

79 1273 166 1328 mant.

123 1387 150 1450 7.
181 1385 370 1450 Heribertus
393 1392 531 1447 castrum
553 1381 777 1447 Teodericium
800 1380 872 1445 dolo
895 1382 981 1468 capit
1008 1404 1046 1446 ac

317 1467 512 1553 proditorem
534 1467 567 1530 in
587 1463 715 1532 vincula
737 1466 862 1530 conicit.

118 1571 305 1636 Heribertus
334 1571 441 1669 itaque
470 1567 640 1634 Walonem
668 1571 752 1656 regis
781 1568 923 1650 fidelem,
958 1568 1012 1655 qui
1042 1575 1145 1632 castro

66 1656 124 1719 uod
142 1655 348 1720 Theodericic
370 1653 505 1718 dreitur¹
530 1663 665 1739 preerat,
687 1655 721 1717 in
743 1651 815 1718 dolo
837 1653 916 1718 adiit
937 1675 976 1717 ac
991 1652 1031 1717 de
1045 1661 1145 1716 trans-

48 1677 127 1823 iugio
146 1739 228 1804 illum
251 1737 432 1824 alloquitur.
464 1736 532 1802 Nec
548 1736 604 1801 diu
618 1746 769 1820 moratus,
792 1737 949 1824 decepto(¹
964 1737 1145 1824 persuadet,

47 1824 154 1888 maiora
172 1822 325 1972 pollicens
347 1844 385 1885 ac
407 1820 500 1908 plura
521 1822 718 1907 promittens.
762 1820 818 1886 llle
840 1844 917 1886 mox
937 1822 977 1887 de
995 1820 1145 1908 pollicitis

47 1907 172 1972 iusiuran
196 1932 251 1972 um
272 1905 420 1992 postulat,
443 1904 603 1992 postulata
624 1929 694 1972 sese
723 1907 770 1970 sic
791 1905 951 1970 facturum
974 1905 1146 1994 spondens

47 1990 190 2057 'lirannus
218 1991 354 2056 libenter
380 1991 501 2054 annuit.
544 1989 612 2054 Nec
640 1991 746 2054 minus
775 2000 807 2055 et
828 1990 993 2090 transfuga
1014 1991 1146 2072 iuratus,

48 2085 156 2162 tempus
177 2076 333 2163 patrando
355 2075 489 2139 facinori
516 2073 721 2140 demonstrat.
764 2073 867 2138 Immo
890 2084 921 2140 et
942 2076 1059 2140 tiranni
1080 2096 1146 2137 ma-

47 2159 128 2225 nibus
148 2184 216 2225 sese
238 2160 355 2225 exinde
377 2158 585 2223 militaturum
606 2159 776 2223 committit
796 2180 835 2222 ac
850 2181 893 2222 ex
915 2157 1028 2222 militia
1049 2157 1146 2220 fidem

48 2244 262 2309 accommodat.
286 2245 358 2325 Quo
373 2254 512 2329 peracto,
528 2243 561 2305 in
572 2265 631 2306 sua
645 2241 823 2308 discedunt.
845 2242 988 2327 Tempus
1004 2241 1145 2322 advenit,

48 2327 128 2394 Walo
150 2327 304 2393 simulatis
325 2329 461 2413 negotiis
482 2325 597 2391 milites
618 2327 735 2412 regios,
766 2328 821 2411 qui
850 2348 959 2390 secum
988 2333 1146 2411 preerant,

47 2410 215 2496 indiversa,
236 2415 304 2477 acsi
325 2414 410 2498 regis
433 2433 560 2475 causam
582 2411 730 2492 facturos,
753 2408 902 2496 disponit.
936 2410 952 2474 I
977 2432 1019 2492 se,
1044 2417 1147 2472 castro

47 2509 196 2580 evacuato,
224 2495 309 2561 solus
339 2519 413 2560 cum
441 2494 568 2559 famulis
597 2495 795 2582 relinquitur.
845 2493 913 2558 Nec
944 2432 1046 2559 defuit
1074 2514 1147 2557 curn

47 2580 161 2646 cohorte
189 2583 343 2647 tirannus.
394 2581 459 2662 Qui
487 2601 508 2642 a
535 2579 699 2666 transfuga
728 2600 819 2642 susce
844 2589 905 2662 tus,
936 2587 1073 2643 castrum
1100 2579 1147 2640 in-

46 2667 175 2748 greditur
195 2677 291 2752 atque
314 2673 459 2750 occupat.
503 2663 707 2750 Intuitusque
729 2601 942 2749 translirgam:
977 2665 1146 2744 ‘Putasne',

46 2749 144 2836 inquit,
167 2758 250 2816 ‘tuae
273 2771 368 2813 curae
391 2747 545 2835 oppidum
567 2749 629 2812 hoc
649 2747 908 2813 reservandum'?
944 2747 1146 2834 Captumque

47 2854 111 2898 nox
130 2836 165 2898 in
184 2833 313 2898 vincula
334 2834 453 2898 conicit
475 2833 604 2919 suisque
623 2834 719 2897 castri
740 2831 920 2896 custodiam
943 2831 1061 2896 'donat
1103 2829 1147 2894 Et

47 2931 125 2984 nocte
147 2918 212 2984 diei
227 2917 416 2982 succedente
437 2916 539 2982 eaeli²
566 2939 640 3002 pars
665 2917 869 3004 prodigiose⁰
891 2915 1028 2980 flammis
1045 2937 1147 2981 erum-

47 3005 180 3084 pentibus
202 3005 237 3066 in
259 3003 471 3088 septentrione
499 2999 627 3065 arderer
653 3002 723 3065 visa
749 3009 806 3064 est.
858 3002 931 3081 Qua
953 3001 1048 3066 etiam
1070 3021 1147 3064 mox

47 3089 236 3175 prosequitur
258 3097 289 3152 11
310 3087 538 3171 Hungarorum
559 3107 617 3170 per
632 3084 753 3150 Gallias
775 3086 941 3170 repentina
981 3084 1147 3150 ersecutio

48 3170 100 3250 Qui
130 3173 266 3236 nimium
299 3171 512 3251 saevientesss,
552 3169 728 3255 municipia
769 3168 892 3254 aliquot
926 3108 1080 3255 villasque
1116 3177 1148 3232 et

47 3274 128 3338 agros
149 3254 337 3342 depopulati
359 3264 441 3319 sunt.
485 3251 641 3318 Basilicas
664 3274 791 3340 quoque
814 3275 911 3352 quam
955 3253 1039 3316 lures
1062 3274 1147 3316 com-

48 3335 219 3422 busserunt3
242 3361 280 3402 11
300 3339 488 3426 indempnes
510 3337 613 3402 redire
636 3336 701 3402 obh
723 3338 907 3424 principum
929 3275 1149 3400 dissidentiam

47 3426 179 3503 permissi
210 3434 284 3489 sunt
313 3445 386 3487 cum
415 3433 553 3508 magnaa
583 3423 781 3507 captivorum
811 3418 1023 3484 multitudine.
1076 3419 1148 3484 Rex

46 3507 119 3572 enim
141 3509 250 3594 copias
280 3530 344 3572 non
371 3506 503 3588 habens,
533 3507 741 3592 ignominiam
770 3503 900 3592 pertulit
928 3513 969 3588 et,
997 3513 1107 3590 utpote
1128 3525 1149 3566 1

47 3591 102 3654 suis
124 3592 275 3674 desertus,
298 3590 491 3656 sevientibus
515 3591 619 3656 cessit.

82 3711 108 3775 8.
140 3711 308 3798 Oppidum
328 3712 559 3776 Montiniscum
580 3733 640 3776 rex
661 3734 720 3797 per
741 3711 902 3776 cohortem
927 3711 1107 3798 expugnati

362 3797 493 3882 eiusque
515 3796 707 3882 prinoipemi
730 3797 824 3881 capit.

120 3898 266 3980 Quibus³
282 3897 444 3984 digressis,
465 3919 523 3962 rex
541 3897 583 3962 ad
599 3897 753 3984 oppidum
767 3899 1021 3964 Montiniacum⁴
1040 3897 1149 3961 cohor·
1162 3913 1212 3954 aaa.

45 3989 101 4043 tem
121 3983 227 4064 mittit,
251 4004 332 4068 quae
360 3982 439 4046 illud
467 3991 602 4068 occupet
628 3992 822 4068 captumque
851 3983 966 4064 diruat,
996 4003 1034 4045 eo
1063 3978 1151 4065 quod

98 4126 248 4178 1))1111111,
308 4127 533 4179 1))111111131111
604 4126 625 4178 1)
642 4129 713 4168 Τ1οᾱ.
730 4129 921 4177 superseminare
938 4128 960 4167 h.
1018 4124 1041 4175 d)
1057 4125 1151 4175 pusilla·

45 4183 100 4224 nimo
118 4189 138 4230 1.
197 4187 219 4240 e)
236 4187 317 4228 ardere
334 4190 354 4238 1,
378 4198 435 4227 corr.
453 4187 473 4228 2,
533 4184 654 4238 01111111
669 4188 705 4225 sed
722 4193 773 4236 port
787 4188 914 4226 restitutum.
984 4183 1007 4237 g)
1024 4185 1052 4224 ob
1069 4183 1152 4234 princi·

46 4251 94 4288 pum
110 4246 267 4288 dissidentiam
288 4247 326 4286 ber
347 4246 446 4287 1111111,
506 4245 530 4299 h)
547 4245 575 4286 ob
592 4257 614 4296 p.
632 4247 652 4286 d.
669 4247 692 4285 in
707 4258 775 4296 marg.
837 4245 854 4298 i)
870 4249 900 4296 et,
917 4255 952 4285 em
969 4244 1025 4283 abac.

114 4339 142 4407 1)
162 4343 426 4408 chareae-Thressa
492 4341 520 4408 2)
540 4342 619 4394 Flod.
640 4343 701 4393 937.
757 4341 787 4408 3)
807 4338 883 4390 Flo'd.
904 4338 967 4392 938.
1029 4337 1058 4406 4)
1078 4339 1153 4391 Mon·

47 4411 115 4478 tigny
133 4417 249 4484 inpage
270 4417 462 4468 Suessionensi.
