2936 5010
276 413 430 466 RIGHERI
448 413 702 466 HISTORIARUM
721 413 832 465 LIBER
851 413 919 465 IIII.
1105 413 1156 464 153

10 563 12 672 l
52 583 106 667 qui
125 602 197 646 cura
219 602 364 645 carorum
385 579 556 680 aliquando
577 580 726 679 vigilasse
748 581 852 644 coacti
873 591 954 645 srmt.
991 581 1069 645 Post
1082 597 1220 646 veroasr.

10 683 11 714 ὲ
52 675 155 750 optata
173 665 245 730 luce
266 664 399 746 reddita,
421 666 521 730 mmia
541 687 643 729 esurie
659 664 801 746 confecti,
822 665 977 728 maturius
991 665 1157 730 affuerunt.

10 755 12 832 ζ
51 750 106 814 Eis
125 751 220 814 etiam
242 749 307 813 eibi
327 748 415 814 illati.
452 747 589 813 Annona
611 770 736 834 quoque
759 769 830 812 cum
852 747 952 833 paleis
967 751 1057 835 equis
1072 759 1158 814 ante-

10 835 12 878 l
111 835 117 849 ·
321 835 328 848 ·
366 835 373 848 ·
643 834 650 848 ·
765 843 809 878 a.1
1073 834 1079 848 ·

10 879 12 988 ὲ
52 833 523 998 {stlattalltbttt
544 832 1159 1001 adillalnig'apsbuiltbledilis

10 1001 12 1078 ξ
52 1023 123 1066 mox
143 1003 233 1088 equis
247 1002 396 1082 remissis,
419 1001 460 1065 ab
475 1001 554 1066 urbe
568 1000 726 1065 Meldensi
740 1023 875 1086 puerum
889 1001 1044 1065 revocavi.
1084 1001 1157 1080 Quo

10 1083 12 1140 l
52 1085 186 1165 reducto,
209 1094 241 1150 et
262 1085 347 1148 omni
375 1083 585 1150 sollicitudine
612 1094 729 1166 amota,
750 1086 784 1147 in
809 1084 1021 1168 aphorismisb
1047 1083 1157 1170 Yppo-

10 1213 12 1234 .
53 1171 138 1234 cratis
159 1167 328 1254 vigilanter
349 1167 479 1232 studuib
501 1169 587 1255 apud
602 1169 755 1233 domnum
769 1167 1004 1251 Herbrandum,
1019 1190 1161 1252 magnae

10 1255 12 1318 l
53 1251 240 1318 liberalitatis
263 1262 358 1338 atque
387 1254 537 1318 scientiae
565 1254 678 1318 virum.
721 1253 761 1316 In
788 1253 903 1351 quibus
932 1275 1005 1316 cum
1033 1261 1157 1316 tantum

53 1339 248 1423 prognostica
268 1337 451 1402 morborum
476 1339 681 1422 accepissem,
711 1346 763 1401 et⁰
785 1336 921 1422 srmplex
943 1336 1158 1422 egritudinum

10 1445 12 1466 ι
54 1423 184 1506 cognitio
207 1422 347 1507 cupienti
367 1442 432 1484 non
454 1421 621 1504 sufficeret,
650 1421 728 1506 petii
750 1422 845 1484 etiam
867 1421 907 1485 ab
929 1443 967 1484 eo
988 1420 1158 1485 lectionem

10 1513 12 1566 ’ς
54 1506 115 1569 eius
135 1504 215 1586 libri,
245 1505 300 1590 qui
320 1506 501 1569 inscribitur
523 1506 562 1570 de
585 1505 756 1569 concordia
775 1505 978 1591 Yppocratis,
1009 1503 1156 1569 Gabenid

10 1603 12 1650 5
55 1599 82 1653 et
101 1589 223 1654 Surani.
256 1589 352 1670 Quod
374 1598 424 1653 ete
447 1589 583 1672 obtinui3
608 1611 681 1652 cum
703 1611 776 1652 eum
797 1590 831 1651 in
846 1599 913 1654 arte
927 1589 1157 1674 peritissimum

11 1707 12 1730 3
55 1671 227 1756 dinamidia,
241 1673 473 1756 farmaceutica,
489 1673 639 1738 butanica
654 1682 748 1759 atque
764 1673 920 1758 cirurgica
935 1694 999 1736 non
1013 1673 1156 1738 laterent.

11 1863 12 1894 3
54 1830 98 1893 51.
147 1830 242 1912 Quod
269 1853 310 1894 ex
345 1829 492 1916 querelas
518 1829 835 1916 reprehendentiumf
866 1831 1063 1916 captionemf
1097 1829 1156 1894 Ar*

11 1913 12 1920 '
221 1914 300 1978 nulfi
320 1915 427 2000 regios
447 1915 554 1978 iussuf
576 1915 726 1998 sinodus?
748 1914 876 1979 habitas
894 1915 967 1980 ests.

130 2035 192 2100 Sed
214 2045 250 2100 ut
270 2037 357 2099 iamt
379 2035 549 2120 superioris
576 2035 695 2120 negotii
723 2034 837 2098 seriem
863 2044 1053 2120 repetamus,
1083 2057 1216 2104 cumrun.
1234 2062 1270 2104 rr.

12 2185 13 2190 .
55 2116 88 2180 de
109 2121 213 2204 episco
238 2122 249 2182 i
264 2121 411 2206 captione
425 2117 522 2204 aliqui
537 2118 731 2182 amicorumh
746 2117 995 2202 indignarentur,
1015 2118 1157 2182 nonnulli

11 2217 12 2268 ἰ
55 2203 140 2266 etiam
161 2142 401 2268 scolasticorum
423 2204 456 2265 in
478 2204 545 2266 eius
568 2201 783 2266 defensionem
805 2202 867 2265 alia
889 2203 1070 2284 scriberent,
1093 2201 1156 2266 alia

10 2277 12 2354 l
54 2287 161 2372 scripta
182 2287 222 2353 de
245 2287 419 2352 canonibus
440 2286 624 2386 proferrent,
646 2284 743 2370 idque
765 2284 807 2348 ad
828 2307 921 2348 aures
942 2307 1055 2370 regum
1077 2285 1155 2349 rela-

11 2399 12 2440 3
53 2378 113 2432 tum
133 2383 226 2454 esset,
250 2371 370 2436 edictoi
391 2392 478 2456 regro
502 2371 663 2434 decretum
685 2378 732 2433 est
742 2379 763 2450 ²,
785 2381 820 2433 ut
841 2369 984 2454 episcopi
1007 2368 1154 2434 Galliaek

11 2455 12 2528 ,
55 2473 151 2520 omnes
180 2457 235 2541 qui
263 2455 369 2520 valent
398 2465 429 2519 et
454 2456 594 2518 maxime
645 2455 678 2516 ui
707 2453 991 2538 comprovinciales
1020 2462 1093 2517 sunt
1119 2455 1153 2517 in
1163 2483 1231 2526 aab,
1242 2495 1260 2525 ο,
1271 2487 1294 2529 1,

53 2559 140 2602 unum
162 2541 367 2621 conveniant,
397 2541 453 2637 qui
474 2550 581 2604 autem
602 2477 713 2602 adesse
734 2559 797 2600 non
818 2547 955 2624 possent,
986 2558 1077 2602 suam
1099 2539 1152 2603 ab·

11 2619 15 2663 l
55 2624 175 2687 sentiam
193 2647 252 2711 per
265 2624 386 2708 legatos
401 2623 533 2687 rdoneos
548 2624 582 2686 a¹
598 2622 787 2721 suspitione¹
802 2631 991 2707 purgarent,
1013 2621 1122 2707 ibique
1132 2635 1153 2664 ¹³¹

11 2767 12 2788 ,
56 2708 135 2770 certis
157 2730 195 2772 ae
217 2708 317 2772 firmis
333 2707 531 2771 decretorum
552 2705 729 2770 ratiombus
751 2716 806 2770 aut
827 2707 1028 2770 convictumn
1044 2705 1153 2792 damp-

10 2793 12 2886 j
55 2801 154 2856 narent
183 2801 239 2856 aut
269 2792 420 2878 pristinae
450 2791 533 2880 sedis
562 2791 710 2874 dignitati
732 2799 922 2876 purgatum⁰
944 2791 1153 2856 restituerent.

11 2895 12 2966 q
57 2870 173 2940 Collecti
206 2885 279 2940 sunt
310 2897 387 2960 ergo
415 2876 449 2938 in
478 2876 632 2941 coenobio
664 2874 891 2938 monachorum
925 2877 1025 2939 sancti
1046 2874 1154 2938 Basoli

11 2973 15 3038 r
57 2959 231 3026 confessoris
252 2961 424 3024 Remorum
447 2959 659 3041 diocesanei³,
681 2960 867 3023 Remensisr
890 2958 1018 3044 quidem
1039 2968 1152 3024 metro-

10 3057 12 3126 ξ
56 3041 174 3122 politani
186 3042 479 3130 comprovinciales,
494 3043 599 3108 Guido
613 3042 783 3108 Suesorum
800 3045 979 3129 episcopus,
992 3043 1152 3108 Adalbero

11 3157 12 3214 ,
56 3123 261 3193 laudunensis
284 3129 463 3214 episcopus,
486 3126 878 3192 HerivevusBelvacensis
893 3128 1072 3212 episcopus,
1090 3126 1152 3191 Go-
1203 3159 1205 3164 v

55 3208 231 3276 desmannus
260 3213 483 3276 Ambianensis
516 3213 700 3298 episcopus,
732 3211 896 3275 Ratbodus
929 3210 1152 3274 Noviomensis

54 3295 218 3382 episcopus,
249 3295 321 3361 Odo
352 3294 597 3360 silvanectensis
627 3297 814 3380 episcopus3
841 3295 1013 3358 Daibertus
1035 3294 1151 3357 Bituri-

53 3382 182 3445 censium
211 3379 502 3465 *metropolitanum
531 3379 775 3464 Lugdunensisr
804 3377 1039 3464 metropolitani
1068 3383 1261 3440 com-‘offl-

52 3463 266 3548 provinciales,
300 3463 469 3529 Gualterus
497 3461 797 3549 Augustudunensis
827 3463 1009 3549 episcopus,
1041 3463 1150 3525 Bruno

101 3655 121 3707 a)
136 3655 195 3704 Aug.
210 3667 229 3698 c,
303 3653 326 3705 b)
344 3657 369 3694 In
379 3655 490 3695 -studui
505 3655 529 3694 ia
545 3666 621 3706 mara,
637 3654 674 3694 uti
690 3655 741 3705 mis,
761 3653 800 3692 dui
816 3655 887 3705 abac.3
904 3665 940 3704 ap.
958 3655 979 3694 d.
995 3653 1018 3693 h.
1035 3654 1111 3693 studui
1129 3656 1148 3695 1.

52 3709 67 3760 c]
82 3724 129 3754 cum
145 3719 168 3756 et
184 3717 204 3758 1,
272 3711 295 3764 d)
311 3714 342 3753 ua
357 3726 374 3755 c.
443 3712 465 3765 a)
482 3724 574 3763 quoque
591 3715 610 3752 1.
678 3713 697 3765 i)
713 3723 775 3764 uere,
792 3714 875 3764 endan,
891 3715 985 3766 tionem,
1001 3713 1040 3761 gio
1060 3713 1107 3765 ius,
1123 3725 1150 3752 us

51 3769 80 3822 ha,
94 3777 103 3812 t
117 3774 171 3813 abac.
262 3771 286 3824 g)
302 3773 348 3812 lam
364 3773 393 3812 ad
409 3776 430 3814 1.
519 3771 543 3824 h)
560 3773 732 3812 scolasticorum
749 3774 769 3813 1.
845 3771 862 3824 i)
879 3774 970 3813 decreto
985 3783 1003 3814 r.
1021 3776 1112 3812 cautum
1130 3773 1150 3813 1.

51 3827 70 3878 k)
84 3842 103 3872 o.
120 3832 146 3874 G.
165 3835 184 3873 1.
252 3829 270 3882 l)
284 3837 333 3881 pou
349 3832 398 3871 add.
463 3829 494 3882 m)
509 3833 590 3881 Ibique
608 3853 634 3862 —
651 3832 781 3871 convictum
797 3843 807 3871 e
822 3843 879 3875 corr.
891 3833 973 3882 partim
989 3833 1013 3872 ia
1028 3833 1073 3872 loco
1089 3842 1148 3871 ruso.

51 3886 70 3938 n)
85 3897 172 3940 captum
185 3895 236 3940 poet
251 3892 301 3930 add.
319 3894 341 3932 et
356 3891 493 3942 convictum,
513 3903 570 3930 corr.
587 3892 724 3931 convictum.
801 3889 822 3942 ο)
840 3893 970 3931 restitutum
987 3893 1006 3932 1.
1079 3887 1103 3940 p)
1121 3899 1150 3929 ex

51 3951 158 3994 provincia
173 3951 266 4000 quidam
280 3951 391 3990 Remsnsi
407 3950 436 3992 G.
455 3952 475 3992 1.
566 3947 589 4001 q)
606 3950 641 3989 Ex
656 3950 777 4000 provtncla
791 3949 941 3998 Lugdunensl
958 3951 978 3988 1.

114 4099 140 4167 1)
160 4101 231 4153 Gall.
251 4102 341 4152 christ.
355 4101 433 4163 VIII,
453 4117 479 4166 p.
499 4101 578 4151 1691.
599 4099 682 4150 abbas
702 4099 729 4150 S.
743 4100 854 4150 Feronia
867 4098 991 4149 laudatur
1005 4097 1148 4162 ‘Augustus

53 4170 99 4222 sive
116 4175 286 4240 Augustinus,
307 4175 352 4240 qui
371 4175 437 4224 obiit
456 4189 488 4224 ex
507 4172 660 4238 necrologio
683 4173 725 4223 13.
747 4171 805 4222 Gal.
824 4172 900 4221 Dec)
980 4167 1008 4242 2)
1029 4170 1147 4235 Sequen—

52 4244 84 4292 tia
100 4263 129 4296 ex
145 4248 213 4300 libro
233 4248 356 4300 Gerberti
376 4247 409 4298 de
428 4247 480 4298 hac
499 4245 602 4309 sinodo,
626 4245 695 4296 infra
714 4261 737 4298 e.
759 4245 801 4294 73.
826 4243 944 4308 laudato,
968 4248 1054 4295 sumta
1073 4249 1147 4306 sunt3

53 4318 123 4370 molta
139 4338 201 4372 vero
221 4321 358 4372 arbitraria
378 4326 489 4373 mutata.
582 4317 612 4385 3)
631 4320 708 4370 Haec
728 4318 849 4370 Gerberti
873 4318 956 4368 verba
974 4317 1147 4385 sequentibus

52 4387 203 4462 interpretari
221 4394 327 4446 videtur
346 4399 446 4446 auctor.
